4138 5758
972 299 1012 374 38

53 509 256 582 universum
296 511 521 583 contendere
563 508 653 594 licet,
694 535 811 604 genus
850 511 1112 582 vocabulorum
1153 526 1192 582 et
1230 511 1494 582 enuntiatorum
1523 536 1542 579 a
1571 509 1700 603 quibus
1735 505 1927 578 infinitivus

53 647 216 739 pendeat
242 670 314 716 non
340 646 391 717 ita
420 647 563 716 multum
591 645 637 715 ab
679 645 845 716 Homero
879 645 1064 716 diversum
1099 673 1194 717 esse.
1257 645 1405 717 Homeri
1440 660 1560 716 autem
1595 642 1713 715 multis
1748 641 1837 713 locis
1866 641 1928 712 ubi

56 778 264 853 nominativi
301 776 359 850 vel
398 779 594 851 accusativi
628 780 730 851 vices
771 779 956 851 infinitivus
997 781 1177 852 sustinere
1212 781 1355 853 videtur
1392 777 1499 875 plane
1533 780 1709 850 incertum
1744 795 1802 848 est
1833 777 1929 848 sitne

53 930 137 985 tunc
166 915 342 1008 temporis
369 887 438 1008 pr'o
468 940 555 984 casu
583 915 757 1009 acceptus
784 939 921 1006 necne3
952 933 1052 986 certe
1085 915 1230 986 dubium
1267 942 1350 987 esse
1381 932 1507 1010 potest
1535 913 1620 1009 quid
1649 912 1697 984 de
1723 910 1812 983 locis
1839 911 1929 983 iudi-

54 1050 207 1121 candum
234 1049 279 1120 sit
309 1049 424 1144 qualis
453 1046 584 1142 legitur
611 1049 647 1120 ll.
674 1049 720 1136 K,
757 1067 825 1140 173
856 1053 910 1120 ἐπὶ
939 1057 1049 1144 ξυροῦ
1077 1053 1216 1121 ἵσταται
1250 1050 1363 1143 ἀκμῆς
1390 1048 1412 1142 ἢ
1436 1048 1530 1142 μάλα
1558 1048 1685 1142 λυγρὸς
1717 1046 1864 1140 ὄλεθρος
1887 1043 1934 1138 ἦε

53 1191 180 1272 βιῶναι
207 1183 264 1256 vel
293 1177 381 1256 llll
413 1187 485 1276 258
513 1187 545 1254 οἳ
570 1188 649 1279 περὶ
675 1189 740 1277 μὲν
766 1183 899 1276 βουλὴν
927 1189 1091 1268 Δαναῶν,
1116 1191 1195 1279 περὶ
1229 1185 1336 1255 diors
1367 1184 1551 1277 μάχεσθαι,
1584 1184 1644 1254 ubi
1672 1180 1876 1276 Herzogius
1903 1181 1932 1251 l.

56 1317 76 1391 l.
104 1346 140 1414 p.
177 1325 232 1392 16.
268 1340 309 1409 17
339 1320 489 1391 subiecti
516 1334 553 1391 et
576 1320 769 1390 accusativi
805 1319 982 1391 rationem
1015 1318 1169 1392 dilucide
1203 1346 1385 1415 apparere
1419 1320 1515 1391 dicit.
1571 1318 1711 1390 Atvero
1748 1316 1846 1386 idem
1873 1315 1936 1385 vir

56 1453 187 1525 doctus
215 1451 337 1550 paullo
365 1469 452 1548 post
481 1457 530 1550 (p.¹
566 1457 624 1549 17)
658 1454 862 1543 confitetur,
883 1488 885 1492 ·
905 1456 1003 1550 qnod
1035 1457 1200 1550 proxime
1234 1454 1326 1527 illinc
1358 1471 1603 1550 consequatur
1636 1453 1672 1524 id
1701 1453 1747 1522 ab
1777 1451 1932 1522 Homeri

52 1614 223 1660 sermone
253 1588 373 1659 adhuc
400 1590 543 1673 abesse,
574 1613 653 1658 cum
681 1589 772 1660 aliae
801 1613 949 1660 casuum
978 1590 1114 1661 formae
1148 1589 1298 1663 articulo
1331 1591 1503 1686 apposito
1531 1589 1692 1682 insignes
1719 1607 1806 1659 esse
1834 1583 1925 1658 sole-

52 1693 121 1795 antl
177 1725 307 1816 Meyer
334 1749 421 1794 vero
450 1723 625 1817 opinatur,
657 1724 703 1793 ab
746 1723 911 1795 Homero
959 1725 1163 1797 infinitivum
1194 1725 1348 1796 subiecti
1382 1727 1439 1798 vel
1470 1725 1605 1796 obiecti
1640 1721 1723 1794 loco
1766 1722 1924 1792 nondum

51 1877 262 1952 usurpatum
290 1883 385 1930 esse.
447 1856 553 1950 Quae
581 1857 763 1928 sententia
789 1858 870 1929 mihi
899 1859 1047 1953 quidem
1073 1858 1144 1931 hoc
1173 1886 1263 1932 sane
1291 1861 1401 1932 iuvari
1427 1861 1581 1948 videtur,
1610 1859 1710 1955 quod
1739 1856 1925 1927 adverbiis

53 2019 147 2088 quae
174 1993 254 2088 ipsa
281 2017 430 2088 quoque
459 2017 566 2064 casus
595 1991 776 2087 quosdam
812 2019 897 2064 esse
930 2009 1076 2066 constat
1108 1996 1291 2067 Homerus
1327 1996 1513 2067 articulum
1546 1995 1686 2066 addere
1723 2019 1795 2068 non
1824 1992 1922 2062 dubi-

51 2108 152 2212 tavit,
178 2130 275 2198 velut
302 2127 343 2198 ιὸ
368 2126 534 2221 πρόσθεν,
565 2126 605 2197 τὸ
632 2126 753 2221 πάρος,
786 2127 827 2199 τὸ
859 2127 1040 2223 πάροιθεν.
1096 2130 1300 2225 Propterea
1342 2130 1423 2202 mihi
1466 2131 1578 2202 satius
1609 2129 1722 2201 visum
1750 2143 1807 2199 est
1830 2129 1923 2197 inter

52 2264 130 2334 illas
157 2262 350 2357 opiniones
379 2288 506 2343 secum
530 2278 737 2359 pugnantes
773 2263 931 2334 medium
963 2265 1068 2358 quasi
1099 2290 1240 2336 cursum
1273 2281 1398 2338 tenere
1435 2282 1476 2336 et
1508 2265 1542 2336 in
1575 2265 1684 2336 dubio
1723 2263 1916 2356 relinquere

54 2397 101 2468 ab
129 2398 297 2468 Homero
323 2397 513 2469 infinitivus
538 2423 607 2492 pro
637 2422 725 2468 casu
753 2399 798 2469 sit
825 2415 1002 2492 acceptus
1032 2425 1154 2472 necne.
1246 2489 1249 2496 Ι

210 2530 272 2601 Ad
306 2528 529 2626 Aeschylum
566 2547 689 2602 autem
729 2532 759 2602 si
794 2533 1004 2626 respicimus
1047 2535 1124 2606 eius
1160 2536 1387 2631 temporibus
1419 2535 1493 2606 hoc
1537 2533 1668 2605 factum
1697 2534 1805 2606 fuisse
1832 2531 1915 2602 satis

53 2691 237 2761 superque
266 2666 398 2737 crebro
427 2664 563 2737 articuli
591 2691 657 2737 usu
686 2667 927 2740 confirmatur.
985 2668 1095 2758 Quod
1124 2695 1214 2740 vero
1242 2671 1456 2763 genetivum
1484 2686 1521 2741 et
1557 2669 1713 2739 dativum
1749 2691 1920 2760 usurpare

53 2818 169 2896 poeta
198 2800 470 2896 quodammodo
499 2799 710 2872 reformidat
740 2801 821 2871 huic
857 2803 908 2873 rei
943 2828 1014 2873 non
1048 2804 1098 2874 ita
1134 2830 1304 2898 magnum
1343 2821 1565 2875 momentum
1602 2803 1785 2874 tribuerim
1817 2827 1926 2896 quum

53 2936 198 3008 fortuita
226 2961 311 3006 esse
340 2934 520 3020 videatur,
549 2934 613 3006 nisi
643 2935 734 3006 sorte
764 2939 864 3031 quod
885 2937 1056 3032 Krueger
1087 2943 1153 3032 lgr.
1182 2937 1221 3025 ΙΙ,
1254 2959 1314 3029 56,
1346 2943 1382 3025 6)
1404 2937 1663 3009 animadvertit
1688 2938 1759 3008 huc
1789 2937 1929 3008 referre

55 3068 162 3141 libet:
193 3069 290 3166 apud
318 3085 450 3164 poetas
479 3069 612 3162 lyricos
640 3069 822 3142 articulum
856 3097 1007 3166 perraro
1039 3073 1210 3144 infinitivo
1249 3099 1333 3144 esse
1370 3073 1572 3144 adiunctum
1609 3096 1679 3142 nec
1710 3068 1816 3142 sacile
1850 3081 1929 3158 τοῦ,

54 3213 118 3300 τῷ,
148 3206 217 3276 sed
245 3201 458 3304 plerumque
486 3202 526 3274 τό
555 3203 588 3274 in
621 3229 686 3275 usu
717 3231 814 3277 esse.

213 3338 355 3431 Quodsi
375 3339 455 3434 quis
485 3340 629 3434 quaerit
651 3340 737 3435 quid
763 3340 855 3412 inter
880 3339 1065 3412 articulum
1087 3343 1267 3413 adiectum
1286 3343 1426 3414 intersit
1451 3335 1491 3414 et
1513 3343 1685 3413 omissum
1709 3339 1934 3434 saepissime

53 3475 171 3568 primo
200 3474 347 3569 quidem
381 3473 515 3545 obtutu·
549 3452 759 3569 perdifficile
797 3475 863 3547 erit
894 3493 997 3548 certo
1030 3477 1165 3565 dicere,
1206 3501 1269 3548 cur
1304 3477 1364 3548 hic
1400 3477 1544 3548 additus
1579 3477 1623 3548 sit
1655 3473 1722 3546 illic
1759 3497 1831 3546 non
1868 3477 1929 3548 sit.

55 3608 151 3700 Quid
195 3609 300 3705 igitur
338 3610 474 3696 mirum,
514 3609 613 3704 quod
649 3609 683 3680 in
719 3610 817 3681 libri-s
850 3612 1098 3706 grammaticis
1134 3611 1205 3682 hae
1238 3629 1441 3684 structurae
1477 3638 1601 3707 parum
1640 3610 1929 3703 distinguuntur?

55 3741 163 3814 Velut
185 3743 362 3815 Matthiae
386 3740 408 3846 ξ
435 3765 507 3834 542
537 3743 611 3814 hoc
640 3745 843 3838 praecepit:
875 3746 950 3818 »oft
976 3747 1023 3817 ist
1051 3773 1092 3818 es
1121 3744 1436 3840 gleichgultig·0b
1465 3772 1547 3817 man
1578 3749 1649 3818 den
1680 3744 1817 3816 Artikel
1844 3770 1926 3818 zum

53 3877 203 3949 infinitiv
229 3895 355 3950 setzen
382 3876 451 3949 will
486 3879 579 3950 oder
606 3878 736 3950 nicht«
795 3879 921 3974 Atque
948 3895 987 3951 ut
1019 3879 1223 3976 intellegas
1252 3899 1389 3977 quanta
1414 3883 1450 3952 in
1480 3881 1682 3953 discrimine
1711 3878 1923 3951 definiendo

53 4009 242 4084 difficultas
270 4012 392 4107 posita
420 4013 466 4084 sit
494 4013 589 4084 haec
616 4013 679 4084 tibi
706 4039 880 4109 propono
911 4014 1098 4110 exempla:
1352 4008 1355 4016 ’

212 4148 313 4244 Sept.
344 4154 418 4240 656
448 4146 521 4218 ἄλλ)
550 4146 632 4220 odra
660 4149 780 4220 κλάειν
807 4148 879 4221 οὔτ’
908 4149 1099 4246 ὀδύρεσθαι
1124 4156 1256 4245 πρέπει.

214 4282 286 4377 Ag.
318 4305 386 4374 941
422 4299 496 4368 τοῖς
522 4281 755 4382 δ’ὅλβίοιςιγε
781 4291 839 4356 καὶ
867 4286 908 4357 τὸ
934 4292 1102 4358 νικᾶσθαι
1127 4291 1262 4380 πρέπει.

212 4417 264 4488 At
288 4417 323 4488 in
350 4443 518 4490 versuum
546 4443 722 4490 conexum
751 4419 779 4490 si
816 4419 920 4492 altius
954 4420 1190 4494 descenderis
1224 4423 1442 4494 observabis
1477 4422 1593 4492 verba
1631 4419 1794 4491 Eteoclis
1842 4443 1926 4512 spe-

53 4568 154 4624 ctare
183 4553 230 4624 ad
260 4569 399 4624 certam
428 4553 539 4647 ipsius
566 4553 807 4626 calamitatem
822 4555 869 4626 ad
897 4571 1109 4651 certumque
1138 4558 1313 4652 temporis
1347 4558 1502 4652 spatium
1532 4579 1605 4649 quo
1634 4554 1821 4626 lamentari
1849 4576 1929 4624 non

48 4687 207 4776 deceat,
257 4688 573 4780 Clytaemnestrae
613 4689 735 4761 verbis
776 4690 995 4762 sententiam
1033 4691 1200 4786 exprimi,
1239 4717 1333 4787 quae
1380 4717 1454 4763 non
1492 4688 1608 4763 solum
1645 4689 1692 4760 ad
1728 4686 1812 4759 illud
1848 4711 1926 4781 quo

54 4823 306 4919 pronuntietur
334 4838 478 4918 tempus
504 4820 636 4912 valeat,
667 4823 735 4895 sed
764 4824 929 4896 omnibus
957 4826 1182 4920 temporibus
1217 4827 1457 4921 omnibusque
1493 4823 1704 4897 mortalibus
1739 4821 1927 4894 destinata

54 4959 109 5030 sit.
165 4957 331 5030 Articulo
357 4959 449 5032 enim
479 4958 605 5031 addito
634 4958 821 5031 infinitivus
850 4960 1001 5055 propius
1029 4961 1173 5033 accedit
1208 4961 1255 5031 ad
1289 4961 1502 5032 substantivi
1535 4959 1711 5034 abstracti
1744 4972 1926 5030 naturams

54 5095 149 5168 unde
178 5093 226 5182 fit,
255 5109 294 5165 ut
320 5083 528 5190 generalior
554 5094 607 5166 vis
633 5094 669 5165 in
694 5093 765 5166 hac
792 5110 971 5166 structura
999 5095 1090 5169 insit.
1123 5096 1180 5191 (cs.
1209 5095 1352 5168 Curtius
1380 5121 1433 5193 gr.
1463 5094 1484 5200 ξ
1515 5097 1617 5188 573).
