4138 5758
1966 169 1970 300 Ἰ

1112 344 1151 406 23
1295 417 1320 426 ..
1969 330 1972 390 l

1970 429 1974 492 l

161 541 384 623 sufficerent,
419 538 555 633 quippe
591 537 720 632 quibus
754 555 790 609 et
824 535 922 608 actio
954 535 1112 608 indicata
1147 537 1192 607 sit
1226 551 1262 608 et
1292 538 1392 607 locus
1427 561 1500 630 quo
1534 539 1662 609 tendat
1695 537 1798 610 actio.
1863 529 1984 649 Attari

162 676 348 748 Homerus
376 677 548 767 φέρεσθαι
575 672 715 765 addidit
742 696 812 744 nec
840 672 1007 766 cuiquam
1049 672 1194 743 dubium
1230 697 1314 743 esse
1342 687 1475 767 potest,
1511 672 1594 766 quin
1620 672 1825 744 huiusmodi
1851 654 1986 759 infinitis}

162 809 322 882 orationi
350 808 477 902 epicae
506 805 643 902 optime
673 807 875 879 conveniat.
932 807 1026 878 Nam
1052 805 1105 877 sic
1134 831 1204 878 non
1232 809 1348 878 solum
1380 807 1514 878 initium
1541 824 1578 878 et
1605 806 1692 891 finis,
1720 807 1788 878 sed
1816 807 1926 878 etiam
1954 801 1979 877 s³

161 947 251 1017 tium
279 942 506 1015 interiectum
535 942 759 1014 describitur.
823 940 937 1012 Menti
972 941 1119 1035 quidem
1155 939 1213 1012 ille
1250 967 1358 1036 quem
1390 942 1552 1034 priorem
1584 941 1728 1014 dicendi
1761 941 1907 1017 modum
1943 968 1983 1013 ει

161 1079 446 1152 memoravimus
475 1077 565 1148 satis
593 1093 662 1162 est,
690 1093 813 1148 mente
852 1078 951 1171 quod
985 1076 1158 1170 reliquum
1201 1075 1246 1147 sit
1279 1075 1385 1147 facile
1423 1075 1622 1147 divinamus
1650 1100 1695 1148 ac
1722 1078 1942 1172 supplemus

163 1213 262 1287 oculi
285 1237 428 1285 omnem
454 1209 548 1283 illum
575 1210 729 1282 cadendi
751 1228 898 1283 motum
933 1211 1131 1305 requirunt.
1195 1211 1321 1305 ltaque
1352 1210 1521 1283 infinitivo
1553 1237 1613 1282 res
1652 1214 1700 1282 ad
1727 1237 1856 1283 sensus
1888 1233 1989 1311 prop¹

166 1350 395 1422 admovetur.
457 1346 566 1418 Simili
609 1345 716 1439 igitur
747 1347 860 1418 modo
893 1344 1166 1439 intellegendae
1198 1345 1269 1416 hae
1302 1347 1508 1418 locutiones
1551 1363 1650 1420 sunt:
1699 1347 1828 1439 πνοιὴν
1867 1351 1986 1441 προέη·

168 1483 269 1590 άηναι
299 1527 346 1535 -
374 1480 467 1552 πόδα
493 1472 555 1572 ἧκε
578 1485 715 1574 χαμᾶζε
741 1484 887 1552 κεῑσδαι.
949 1480 1164 1552 Huiusmodi
1199 1499 1320 1552 autem
1351 1481 1558 1564 infinitivus
1595 1506 1669 1576 quo
1696 1480 1851 1575 ¹quidem
1889 1507 1951 1552 cur
1979 1508 1994 1574 j

167 1618 252 1712 quid
279 1618 342 1687 liat
370 1616 553 1698 indicatur,
581 1617 648 1686 sed
676 1616 763 1686 novi
791 1615 872 1687 nihil
900 1615 1005 1686 nobis
1032 1615 1235 1710 impertitur
1267 1613 1458 1710 Aeschylo
1495 1633 1533 1687 ut
1560 1616 1662 1688 nimis
1691 1617 1817 1710 epicos
1845 1606 1999 1710 displicul

166 1751 283 1822 Unum
319 1766 456 1822 tantum
483 1750 560 1820 eius
589 1766 791 1822 structurae
826 1746 1032 1844 exemplum
1060 1750 1268 1832 invenimus,
1305 1750 1339 1832 in
1366 1751 1440 1846 Ag.
1469 1777 1502 1820 v.
1537 1756 1649 1840 1667:
1680 1751 1742 1821 ἐὰν
1778 1753 1914 1842 δαίμων
1949 1712 2000 1843 Όδ

171 1911 257 1977 στην
295 1883 389 1978 δεῦρ’
424 1883 609 1976 άπενδύνη
635 1892 775 1977 μολεῑν;
817 1910 896 1956 cum
932 1885 1022 1955 deus
1059 1883 1234 1957 Orestem
1267 1884 1337 1956 huc
1377 1885 1511 1979 diriget
1538 1902 1576 1955 ut
1603 1885 1737 1968 veniat,
1769 1911 1865 1980 quae
1893 1886 2004 1986 dicenh

171 2022 260 2092 ratio
288 2045 404 2116 prope
433 2019 580 2091 accedit
606 2020 655 2090 ad
682 2019 833 2090 Homeri
861 2016 958 2090 illud:
985 2024 1030 2109 βῆ
1056 2017 1185 2102 δίέναι,
1210 2024 1256 2110 βῆ
1283 2022 1321 2090 δὲ
1349 2023 1453 2090 δέειν.
2004 1994 2007 2071 i

323 2207 448 2281 Paullo
481 2207 584 2304 plura
617 2207 786 2303 exempla
821 2211 919 2304 apud
956 2206 1181 2302 Aeschylum
1219 2211 1296 2282 eius
1338 2228 1420 2283 sunt
1456 2211 1627 2297 infinitivi,
1667 2235 1740 2305 quo
1775 2213 1860 2282 novi
1905 2212 1999 2308 aliqu

166 2345 331 2432 affertur,
375 2345 476 2441 quod
518 2345 554 2414 in
592 2345 706 2433 verba
746 2344 844 2416 finito
882 2369 956 2416 non
997 2345 1100 2415 inest.
1169 2343 1349 2416 Invenitur
1396 2361 1517 2417 autem
1559 2359 1645 2439 post
1684 2346 1776 2416 haec
1817 2347 1928 2416 verba
1969 2327 2010 2416 hi

171 2507 240 2576 que
267 2478 371 2557 loeis:

2014 2607 2017 2676 ¹

2016 2731 2018 2788 l

324 2809 733 2899 προστέλλομαι
759 2804 860 2898 Sept.
896 2826 985 2895 415.
1016 2811 1103 2897 Δίκη
1134 2834 1191 2876 νιν
1217 2809 1470 2899 προστέλλεται
1507 2806 1866 2902 ελργειν-μητρί-δόρν
1904 2832 2019 2902 propu

326 2667 384 2740 άν
401 2677 513 2761 ιἠμι
542 2669 633 2742 Cho.
663 2671 748 2758 489.
779 2667 863 2753 άνες
890 2697 950 2761 μοι
975 2669 1095 2764 πατέρ’
1124 2674 1338 2743 ἐποπτεῦσαι
1358 2671 1487 2763 μάχην.

436 2956 630 3032 gnatorem
658 2963 739 3010 eum
767 2939 878 3022 mittit,
906 2958 945 3013 ut
974 2956 1107 3012 arceat.
1138 2939 1277 3011 Schol.:
1307 2943 1356 3024 εἰς
1382 2941 1448 3033 τὴν
1475 2940 1599 3033 μάχην.

329 3099 373 3170 εἰ
387 3127 439 3191 μι
464 3100 567 3172 Eum.
602 3103 698 3172 1008
727 3103 779 3172 ’ἐτε
806 3103 847 3171 τὸ
871 3107 937 3194 μὲν
964 3103 1098 3198 οἰνηρὸν
1121 3103 1241 3198 χώρας
1266 3091 1436 3194 κατέχειν,
1463 3103 1504 3174 τὸ
1531 3105 1577 3174 δέ
1595 3106 1783 3197 κερδαλέον
1808 3109 1966 3196 πέμπειν.

326 3233 537 3305 σπεύδω
564 3235 633 3332 Ag.
663 3241 733 3307 601
766 3235 870 3307 πόσιν
896 3239 1040 3309 σπεύσω
1066 3237 1172 3308 πάλιν
1199 3237 1355 3329 μολάντα
1382 3239 1558 3325 δέξασθαι.

327 3367 431 3439 ολδέ
445 3397 475 3440 ω
502 3370 555 3441 Pr.
589 3377 663 3441 666
701 3373 770 3459 ἐξω
809 3371 930 3464 δόμων
965 3401 1004 3444 τε
1035 3379 1092 3443 καὶ
1123 3372 1259 3466 πάτρας
1295 3370 1404 3443 οἰδεῖν
1437 3376 1498 3464 ἐμέ
1520 3372 1524 3470 l
1550 3369 1684 3462 άωετον
1718 3371 1871 3444 άλασθαι
1897 3383 1959 3467 γης
1987 3380 2019 3446 ἐπ

432 3504 592 3596 ἐσχάτοις
625 3501 728 3599 ὅροις,
765 3531 837 3601 quo
869 3509 951 3578 loco
991 3524 1219 3603 quantopere
1258 3507 1383 3579 dativo
1423 3505 1538 3579 affinis
1572 3509 1618 3578 sit
1652 3508 1846 3580 infinitivus
1885 3507 2019 3581 άλᾱσδο

424 3635 563 3712 'cernes
592 3659 629 3712 et
655 3643 795 3738 videbis
824 3643 852 3713 si
879 3642 971 3714 hunc
1006 3640 1200 3714 contuleris
1237 3667 1383 3713 versum
1418 3641 1502 3713 Eur.
1532 3643 1632 3714 Med.
1668 3662 1780 3732 1274:
1810 3643 1895 3728 Διὸς
1922 3645 2019 3736 δάμαι

433 3801 490 3844 νιν
518 3778 691 3869 ἐξέπεμψε
719 3777 897 3868 δωμάτων
924 3774 999 3868 άλη.
1026 3821 1077 3830 -—

328 3936 384 4004 τά
400 3960 502 4007 σσω
523 3939 622 4009 Pers,
646 3945 717 4030 367
732 3938 845 4026 τάξαι
864 3955 989 4028 στῖφος
1008 3941 1157 4022 ἔκπλους
1175 3939 1378 4029 φυλάσσειν.
1395 3941 1497 4012 Eum.
1520 3942 1595 4030 488
1616 3919 1714 4029 τάξω
1735 3942 1835 4026 {roric
1854 3943 2019 4027 δικαστάςΙ

335 4067 614 4163 διαιρεῖντοῦτο
640 4073 792 4166 πράγμα.
821 4073 922 4144 Eum.
954 4079 1027 4165 639
1058 4075 1149 4158 λεοδς
1177 4069 1286 4168 ὅσπερ
1312 4079 1476 4145 τέτακται
1505 4075 1611 4166 τήνδε
1637 4083 1795 4169 κορωσαι
1821 4080 1929 4170 δίκην.

330 4200 380 4273 Ut
406 4207 516 4277 verba
544 4209 718 4279 movendi
745 4209 797 4280 sic
825 4209 934 4280 etiam
960 4208 1072 4280 verba
1099 4209 1267 4281 manendi
1297 4209 1481 4281 infinitivus
1509 4209 1620 4281 finalis
1648 4211 1822 4306 sequitur:

337 4341 433 4431 ἐφη
446 4369 470 4432 μ
484 4369 531 4411 αι
558 4342 659 4415 Eum.
690 4349 765 4434 630
793 4345 939 4428 7Παλλάς
965 4347 1000 4416 οἵ
1023 4343 1051 4415 τ)
1079 4345 1247 4436 ἐφήμενοι
1263 4345 1385 4438 ψήφῳ
1412 4347 1558 4438 διαιρεῖν
1584 4347 1689 4414 τοῦδε
1713 4346 1917 4439 πράγματος
1948 4353 2019 4444 πέρι

325 4479 463 4566 με’νω
490 4475 589 4548 Eum.
625 4483 699 4565 676
735 4482 832 4570 μένω
862 4477 1048 4551 δάκοῦσαι.
1073 4480 1146 4551 ibid
1177 4499 1259 4570 732.
1288 4479 1367 4550 Nec
1400 4480 1514 4550 solum
1550 4480 1596 4549 de
1643 4481 1811 4575 personis
1847 4483 1916 4554 hoc
1956 4511 2019 4556 ver

66 4679 68 4698 J
164 4610 251 4677 bum
280 4628 481 4703 usurpatur,
511 4614 579 4683 sed
607 4614 655 4683 ad
682 4639 742 4686 res
771 4639 915 4710 quoque
943 4615 1167 4698 transfertur,
1196 4614 1348 4708 perinde
1377 4629 1484 4710 atque
1512 4614 1548 4684 in
1574 4639 1744 4686 sermone
1772 4616 1901 4687 Latino
1921 4609 2018 4690 voca

162 4743 287 4812 bulum
321 4762 499 4817 »manet«
543 4745 669 4841 Suppl.
705 4768 778 4838 435
822 4754 920 4818 παισὶ
953 4748 1037 4819 τάδε
1070 4754 1126 4819 καὶ
1162 4748 1282 4841 δόμοις
1319 4794 1366 4802 -
1402 4752 1509 4846 μένει.
1533 4747 1608 4841 δόρι
1634 4757 1744 4820 τίνειν
1778 4746 1902 4842 ὁμοίαν
1932 4757 2019 4846 δέμιι

170 4875 328 4947 Easdem
354 4878 454 4951 vices
482 4881 636 4974 suscipit
662 4907 735 4952 vox
765 4884 984 4976 composita:
1100 4865 1103 4874 ¹

327 5044 620 5134 ἐπαμμένει
658 5044 713 5116 Pr.
751 5051 823 5117 606
861 5050 1037 5139 τέκμηρον
1078 5043 1134 5117 ὅτι
1160 5046 1194 5138 μ’
1239 5051 1429 5138 ἐπαμμένει
1463 5051 1600 5118 παθεῖν.
1637 5048 1736 5120 Pers,
1768 5051 1840 5137 807
1878 5039 2019 5139 οδσφιι

327 5183 447 5247 κακῶν
474 5174 594 5272 ὕψιστ)
622 5181 813 5271 ἐπαμμένει
843 5184 980 5252 παθεῖν.
