4138 5758
1023 335 1138 396 ²4·

193 531 209 590 ,¹
259 535 495 619 orarium,
523 526 624 624 quod
650 527 797 623 propria
825 527 1050 599 consistendi
1076 525 1109 598 vi
1137 525 1282 599 abiecta
1310 523 1380 597 iam
1407 522 1559 596 Homeri
1587 521 1812 618 temporibus
1839 522 1874 593 in
1900 520 1968 592 vim

101 661 386 757 metaphoricam
409 662 596 734 minitandi
621 661 716 735 abiit.
759 663 837 736 Sed
858 689 905 734 ne
929 663 1027 757 apud
1043 663 1244 735 Homerum
1260 659 1405 754 quidem
1425 657 1595 758 frequens
1611 673 1670 730 est
1687 674 1725 731 et
1751 657 1804 730 his
1830 672 1968 730 tantum

105 795 230 869 formis
257 796 385 868 utitur:
415 805 559 869 στεῦται
587 815 625 870 et
653 805 789 869 στεῦτο.
844 797 957 893 Apud
984 797 1146 893 tragicos
1177 820 1268 873 vero
1296 820 1473 892 nusquam
1504 791 1685 890 reperitur
1711 791 1776 864 nisi
1802 792 1872 864 hoc
1899 816 1970 861 uno

98 926 180 1001 loco
207 929 400 1024 Aeschyli:
430 931 527 1004 Pers.
570 956 620 1023 49
648 941 812 1004 στεῦται
842 976 889 988 --
918 931 1027 1024 ζυγὸν
1050 928 1262 1024 ἀμφιβαλεῖν
1288 913 1431 1001 δούλιον
1453 925 1591 1000 Ἑλλάδι

177 1123 215 1206 dl
258 1115 487 1195 Ceterae
539 1123 804 1195 infinitivi
852 1123 1044 1194 variae
1086 1146 1142 1193 ac
1182 1117 1528 1216 multiplices
1569 1132 1893 1190 structurae

242 1281 244 1288 ·
344 1257 613 1352 quomodo
656 1259 856 1331 sensim
899 1272 950 1329 et
991 1255 1268 1350 gradatim
1309 1269 1541 1326 exortae
1580 1251 1698 1324 sint.

257 1420 318 1491 Ab
344 1419 386 1492 iis
419 1420 537 1514 igitur,
567 1445 661 1516 quae
689 1437 773 1491 sunt
799 1420 916 1492 adhuc
945 1445 967 1490 a
995 1419 1101 1491 nobis
1129 1433 1309 1490 tractatae
1329 1416 1490 1489 infinitivi
1509 1415 1830 1510 significationibus
1850 1430 1970 1486 cetera

101 1580 257 1649 quoque,
299 1555 334 1626 in
376 1555 504 1651 quibus
535 1531 725 1627 infinitivus
759 1555 793 1627 in
826 1580 928 1626 usum
962 1570 1115 1626 vocatur
1151 1552 1297 1625 dicendi
1329 1576 1470 1648 genera
1504 1552 1675 1646 profecta
1708 1565 1799 1622 sunt.
1866 1547 1968 1642 Quae

104 1715 213 1785 quem
248 1691 297 1764 ad
329 1671 476 1792 modum
509 1689 692 1785 paullatim
726 1704 811 1760 nata
847 1715 931 1761 esse
966 1689 1073 1761 nobis
1107 1687 1297 1760 videantur
1326 1686 1402 1782 jam
1438 1710 1672 1780 exponemus
1728 1682 1803 1755 Ac'
1820 1682 1962 1777 primum
2053 1717 2054 1788 γ

103 1824 250 1919 quidem
285 1825 519 1897 consecutiva
549 1825 602 1896 vis
636 1825 829 1897 manifesta
862 1840 901 1896 et
936 1839 1065 1918 aperta
1098 1839 1156 1894 est
1189 1822 1224 1893 in
1259 1821 1301 1893 iis
1333 1821 1508 1893 infinitivis
1543 1821 1604 1916 qui
1633 1832 1848 1912 usurpantur
1887 1835 1967 1914 post

104 1960 219 2030 verba
247 1984 342 2055 quae
371 1957 586 2055 significant:
615 1958 823 2031 facultatem
851 1957 951 2030 alicui
980 1959 1115 2045 facere,
1143 1955 1318 2052 perficere
1345 1973 1385 2028 ut
1411 1953 1544 2052 aliquid
1571 1954 1649 2026 fiat.
1756 2021 1759 2028 .

262 2124 449 2214 τίθημι
476 2122 578 2219 quasi
607 2122 641 2194 in
668 2149 713 2194 ea
741 2121 950 2194 conditione
979 2121 1134 2217 aliquem
1162 2101 1421 2202 collocarent
1448 2121 1519 2192 hoc
1542 2113 1628 2189 illud
1647 2116 1815 2189 accidere
1839 2119 1964 2210 possit.

261 2255 332 2352 Ag.
367 2275 462 2347 1037
492 2254 628 2350 σ’έθηκε
645 2257 732 2342 Ζεὺς
758 2254 939 2349 ἀμηνίτως
959 2255 1079 2348 δόμοις
1104 2254 1279 2325 κοινωνὸν
1299 2253 1387 2325 εἶναι
1403 2259 1577 2350 χερνίβων
1596 2297 1647 2306 -
1661 2251 1747 2324 ibid.
1770 2271 1847 2341 177.
1872 2258 1961 2340 1176

261 2387 402 2460 ἀνύω
429 2389 525 2462 Pers.
558 2408 642 2480 721.
671 2435 722 2444 -
750 2393 1046 2484 ἐπικραίνει
1075 2385 1203 2485 Suppl.
1238 2410 1293 2480 15.
1323 2433 1372 2442 -
1399 2396 1637 2484 περαίνω
1665 2386 1793 2486 Suppl.
1822 2391 1956 2476 463.-

103 2523 344 2617 έξαρτύω
380 2525 435 2596 Pr.
465 2527 539 2612 908
570 2521 701 2624 (γάμον
736 2539 860 2617 γαμεῖν
892 2522 1124 2626 έξαρτέεται).
1157 2568 1208 2578 -
1240 2514 1379 2619 φέρω
1406 2523 1508 2595 Eum.
1540 2527 1626 2615 831.
1655 2523 1792 2617 καρπὸν
1818 2525 1964 2615 φέροντα
2053 2601 2054 2614 7

102 2658 219 2729 πάντα
255 2658 303 2751 μὴ
335 2657 506 2753 πράσσειν
541 2665 666 2743 καλῶς.
722 2657 865 2731 Eadem
894 2659 948 2730 vis
987 2684 1081 2756 quae
1117 2659 1152 2730 in
1183 2663 1306 2751 τίθημι
1340 2658 1399 2754 (cf.
1428 2660 1551 2753 supra)
1583 2660 1682 2754 apud
1711 2656 1911 2729 Homerum
1937 2656 1970 2727 in

102 2818 193 2864 voce
220 2809 401 2864 ποιεῖν
427 2792 533 2880 inest,
564 2793 663 2889 quod
692 2793 858 2865 fortassis
884 2793 917 2863 in
952 2793 1054 2889 frgm.
1089 2798 1137 2883 96
1166 2792 1349 2874 invenitur,
1381 2792 1442 2862 ubi
1477 2816 1523 2863 ex
1551 2790 1641 2864 Plut.
1671 2789 1802 2865 Moral.
1831 2819 1866 2891 p.
1896 2797 1967 2883 632

101 2926 195 2999 haec
224 2943 371 2999 exstant
397 2928 526 3000 verba:
574 2932 604 2999 ελ
629 2955 684 3012 τις
722 2925 962 3021 ἀντιστρέψας
1001 2930 1106 3022 αἰτιςῖ
1107 2955 1149 2998 το
1182 2927 1267 3011 τούς
1293 2925 1467 3016 Αἰσχύλου
1496 2931 1690 3020 Καβείρους
1717 2923 1825 3015 ὄξους
1851 2934 1974 2998 σπανί-

104 3065 180 3151 ζειν
220 3063 322 3154 δωμα
360 3060 586 3154 ποιήσαντας,
628 3057 748 3158 ὥσπερ
789 3059 891 3132 αὐτοὶ
929 3067 1119 3154 παίζοντες
1157 3060 1360 3154 ἠπείλησαν.
1416 3062 1557 3134 Tamen
1599 3086 1645 3133 ex
1683 3043 1752 3133 hoc
1791 3062 1876 3131 loco
1902 3085 1973 3130 non

103 3211 260 3292 apparet
287 3196 467 3268 eademne
494 3197 609 3269 verba
637 3198 684 3269 ab
713 3193 906 3290 Aeschylo
932 3212 1107 3294 usurpata
1133 3197 1212 3269 sint.

260 3355 321 3430 Illa
347 3359 562 3457 perficiendi
590 3361 645 3432 vis
674 3360 877 3433 accuratius
904 3358 939 3431 in
965 3359 1087 3432 verbis
1116 3359 1274 3431 docendi
1302 3375 1341 3431 et
1367 3360 1530 3432 discendi
1559 3360 1626 3433 def
1629 3359 1750 3432 initur:

262 3492 496 3565 διδάσκω
523 3494 575 3566 Pr.
611 3518 664 3566 10.
693 3539 743 3549 —
771 3493 1040 3588 ὀρθοδαής
1067 3495 1141 3589 Ag.
1165 3518 1259 3587 1023
1277 3491 1371 3594 (τῶν
1390 3498 1577 3586 φθιμένων
1603 3493 1748 3587 ἀνάγειν
1775 3491 1841 3563 τὸν
1866 3490 1969 3586 ὀρθο-

105 3630 171 3718 δαῆ
199 3627 287 3711 Ζεὺς
313 3671 362 3680 --
393 3628 572 3730 ἐ’παυσεν).
628 3629 758 3726 Neque
785 3654 874 3701 vero
908 3629 1132 3726 quorundam
1162 3630 1319 3701 virorum
1353 3630 1542 3707 doctorum
1579 3628 1795 3703 sententiam
1825 3625 1970 3698 silentio

102 3762 302 3854 praeterire
343 3787 545 3859 possumus,
582 3763 641 3859 qui
668 3763 882 3835 infinitivum
923 3744 1003 3834 cum
1046 3764 1198 3834 ἐ’παυσεν
1240 3764 1530 3858 coniungendum
1559 3791 1644 3838 esse
1675 3777 1836 3836 censent.
1877 3761 1967 3832 Tum

102 3893 279 3990 ὀρθοδαής
305 3893 484 3979 absolute,
512 3914 552 3969 ut
577 3899 892 3994 grammaticorum
920 3899 1035 3970 verbo
1069 3915 1160 3986 utar,
1188 3899 1346 3994 positum
1380 3914 1493 3973 esset.
1549 3899 1656 3991 Quae
1684 3913 1862 3971 structura
1888 3894 1961 3992 quia
2053 3969 2054 3980 γ

104 4028 321 4103 insolentior
346 4031 511 4104 videatur
540 4057 648 4128 quam
674 4059 768 4131 quae
795 4035 941 4130 probari
969 4032 1089 4130 possit
1119 4032 1243 4129 Enger
1273 4031 1442 4128 Ὀρθοδαῆ
1468 4033 1700 4106 scribendum
1737 4007 1821 4106 esse
1847 4028 1963 4126 opina·

104 4183 169 4251 tur,
206 4189 279 4263 quo
312 4191 452 4239 sacrum
485 4191 619 4240 nornen
652 4168 849 4267 Aesculapi
885 4167 1107 4264 designetur.
1149 4211 1199 4222 -
1225 4168 1481 4260 μανθάνω
1514 4168 1567 4240 Pr.
1610 4171 1717 4240 1068.
1749 4171 1846 4240 Pers.
1884 4163 1970 4234 108.

105 4299 206 4373 Eum.
223 4303 283 4372 86.
303 4302 862 4401 301.-yryvoionurSept.
886 4308 958 4395 652
988 4301 1212 4398 significans,
1242 4304 1342 4398 quod
1366 4304 1550 4402 μανθάνω.
1571 4299 1766 4374 -ὁδόω
1795 4301 1867 4396 Ag.
1903 4301 1975 4386 176

106 4437 173 4507 τὸν
208 4451 353 4529 φρονεῖν
380 4438 529 4530 βροτοὺς
557 4434 743 4510 ὁδωσαντα
771 4439 792 4511 i.
829 4463 862 4510 e.
892 4438 950 4535 qui
976 4437 1073 4508 viam
1103 4435 1241 4530 praeiit,
1272 4440 1440 4531 exemplo
1469 4437 1592 4508 docuit
1619 4438 1663 4511 cf.
1692 4434 1854 4531 reliquos
1881 4435 1979 4502 duos

107 4566 282 4662 Aeschyli
314 4567 425 4653 locos,
452 4572 633 4670 inquibus
659 4573 754 4645 haec
779 4599 849 4646 vox
874 4573 1049 4646 invenitur
1077 4570 1132 4644 Pr.
1162 4574 1250 4662 498.
1282 4573 1366 4662 813.
1395 4617 1445 4625 -

262 4733 300 4805 Si
327 4735 406 4832 quis
433 4736 554 4810 verbis
581 4734 736 4834 aliquem
761 4733 905 4808 allicere
944 4760 985 4806 ac
1011 4759 1159 4840 movere
1194 4739 1326 4822 studet,
1358 4755 1397 4809 ut
1432 4718 1564 4834 aliquid
1598 4736 1716 4820 faciat,
1743 4736 1794 4806 vis
1822 4757 1978 4830 persua·

110 4878 220 4955 dendi
261 4895 300 4952 et
338 4872 508 4948 hortandi
537 4874 665 4946 oritur:
706 4877 791 4942 πεί
803 4872 881 4941 θω.
909 4869 1011 4941 Eum.
1041 4872 1100 4960 84.
1147 4889 1231 4961 724.
1275 4917 1321 4924 -
1360 4875 1520 4944 αἰνέω
1561 4874 1666 4968 Sept.
1716 4875 1803 4965 596.
1846 4865 1979 4966 Suppl.

113 5038 220 5107 1072.
248 5059 299 5070 -
326 5013 557 5084 ἐπαινέω
583 5008 707 5102 Suppl.
744 5011 829 5095 996.
863 5004 953 5078 Cho.
993 5007 1078 5097 582.
1111 5049 1160 5058 —-
1195 5007 1436 5093 βουλεύω
1467 5010 1523 5082 Pr.
1555 5031 1640 5098 204.
1669 5005 1774 5078 Eum.
1807 5022 1891 5094 700.
1921 5047 1978 5054 -—-

107 5146 410 5245 ξύμβουλός
437 5146 544 5235 εἰμι
570 5140 671 5211 Eum.
703 5159 785 5229 712.
813 5185 862 5193 —-
889 5143 1157 5233 μυθέομαι
1184 5140 1239 5214 Pr.
1271 5148 1425 5234 665.—-
1454 5147 1630 5214 εἰπεῖν
1655 5138 1782 5237 Suppl.
1813 5163 1899 5231 341·
1922 5183 1976 5194 .....
