4138 5758
150 542 440 632 ἐξηγέομαι
468 539 566 610 Eum.
599 541 751 629 589.-
780 540 1069 630 πιφαύσκοι
1096 541 1198 611 Eum.
1235 545 1322 612 620.
1352 585 1403 594 -
1430 540 1611 637 φράζω
1637 539 1711 638 Ag.
1745 547 1829 634 236.
1859 585 1907 596 --
1939 563 1984 613 σι

145 681 313 766 μαίονω
341 673 415 769 Ag.
450 696 509 762 29.
536 719 586 727 —
615 671 927 768 ἀπαγγέλλω
953 675 1016 769 Ag
1054 682 1138 767 605.
1174 721 1224 729 —-
1253 684 1383 768 φημί
1417 676 1510 748 Cho.
1545 696 1731 770 1027.—
1760 681 1890 770 λέγω
1917 677 1986 750 Ch(

150 827 239 899 274.
273 811 359 900 583.
417 808 527 880 Haud
554 808 603 880 ita
631 834 714 880 raro
744 828 832 904 post
860 811 1039 882 eiusmodi
1066 812 1180 883 verba
1206 811 1444 906 imperativus
1464 809 1646 882 adhibitus
1675 826 1742 900 est,
1772 828 1810 883 ut
1838 810 1867 883 si
1897 811 1988 908 magi

138 944 218 1015 hoc
256 943 316 1014 tibi
351 945 475 1037 placet
507 943 715 1015 infinitivum
751 970 819 1040 pro
853 945 1067 1040 imperativo
1108 945 1212 1040 quasi
1252 946 1287 1018 in
1323 945 1490 1018 oratione
1528 946 1670 1020 directa
1708 960 1807 1019 stare
1846 963 1988 1019 statues

138 1077 267 1152 liceat.
296 1077 338 1148 cf.
367 1077 441 1172 Ag.
479 1097 585 1170 1334.
615 1055 716 1149 Eum.
749 1099 832 1170 539.
887 1069 890 1082 ¹
1992 1179 1993 1186 γ

303 1214 362 1284 Dii
405 1213 558 1284 oraculis
600 1213 649 1286 ad
691 1214 917 1285 suadendum
959 1214 1251 1310 hortandumque
1294 1230 1455 1287 utuntur:
1504 1215 1644 1310 χροὶω
1682 1215 1784 1288 Eum.
1831 1239 1916 1308 203.
1962 1235 1995 1318 ’ἦ

142 1345 582 1442 χρησμὸνότιάζω
609 1349 709 1421 Eum.
740 1355 825 1442 623.

303 1481 363 1554 Ab
391 1483 447 1554 his
477 1497 597 1554 autem
626 1484 747 1555 verbis
770 1503 893 1580 ‘paene
923 1485 1006 1557 nihil
1042 1485 1211 1558 differunt
1237 1486 1353 1557 verba
1391 1485 1551 1558 iubendi:
1589 1485 1764 1558 τάοσω
1791 1488 1892 1559 Eum.
1923 1491 1999 1579 639

142 1660 194 1669 —-
221 1617 421 1688 aelafio
448 1616 539 1689 Cho.
574 1623 657 1707 769.
684 1663 735 1672 ——
764 1617 940 1712 ἄνωγα
966 1621 1067 1691 Eum.
1102 1644 1188 1709 902.
1218 1664 1268 1672 -
1303 1623 1520 1711 ἐφίεμαι
1558 1620 1648 1694 Ch0.
1692 1645 1799 1715 1039.
1826 1665 1876 1676 -—
1906 1625 2001 1693 ἐστι·

143 1755 351 1822 στέλλω
390 1751 492 1846 Sept.
540 1775 648 1824 1012.
690 1798 740 1807 —-
784 1755 1078 1838 ἐπιστολὰς.
1113 1758 1364 1844 ἐφίεσθαι
1411 1755 1466 1827 Pr.
1495 1756 2003 1850 4.-γνωμηολέγω

146 1884 219 1978 Ag.
255 1909 362 1977 1349.
390 1932 441 1941 -
468 1890 690 1980 κέλομαι
717 1887 791 1985 Ag.
826 1913 933 1962 1120.
972 1935 1023 1944 -
1058 1887 1255 1986 ὀτρύνω
1285 1890 1359 1988 Ag.
1398 1913 1483 1982 304.
1522 1935 1571 1944 --
1608 1890 1881 1986 ἐξοτρύνω
1909 1891 2001 1986 Sept

148 2023 232 2110 693.
266 2066 316 2073 -
349 2029 486 2092 καλιῦ
522 2023 623 2094 Eum.
664 2025 746 2112 289.
782 2067 831 2076 -
867 2024 1187 2118 κροσαυδάω
1221 2025 1293 2120 Ag.
1329 2047 1415 2117 514.
1443 2070 1495 2080 -
1529 2024 1686 2118 λόγον
1713 2029 2004 2121 κροφωοέω

145 2153 243 2228 Pers.
280 2161 366 2246 366.
402 2200 453 2211 —-
489 2157 834 2253 μαρτύρομαι
868 2158 973 2232 Eum.
1013 2164 1086 2251 643
1121 2160 1148 2254 i,
1178 2185 1209 2232 e.
1242 2185 1312 2234 vos
1346 2159 1456 2235 iubeo
1490 2175 1607 2234 testes
1642 2160 1779 2234 audire.
1813 2204 1862 2214 -
1891 2188 2002 2255 κρο-

143 2292 320 2384 τρέποι
346 2290 402 2363 Pr.
434 2293 910 2382 990.-καταξιόω.
937 2295 1011 2391 Ag.
1042 2312 1125 2386 572.
2008 2267 2009 2270 =

304 2452 360 2524 Ex
385 2453 454 2527 hac
483 2480 572 2528 vero
609 2455 752 2529 dicendi
786 2457 925 2530 ratione
961 2457 1147 2530 infinitivus
1186 2460 1346 2532 adeum
1379 2485 1527 2556 quoque
1556 2485 1659 2533 usum
1686 2483 1910 2556 progressus
1937 2473 2006 2548 est,

146 2601 185 2655 ut
219 2585 388 2658 infinitivo
423 2613 495 2660 non
530 2616 577 2662 ea
610 2591 861 2688 exprimantur,
899 2619 994 2688 quae
1032 2594 1149 2667 futuro
1182 2610 1350 2692 tempore
1383 2622 1431 2668 ex
1461 2598 1651 2669 voluntate
1685 2595 1830 2668 iussuve
1859 2589 2015 2667 alicuius}

144 2733 320 2790 eventura
356 2721 443 2812 sint,
478 2725 560 2796 sed'
579 2753 633 2812 ea,
672 2753 768 2822 quae
801 2728 872 2800 sint
905 2729 1094 2825 praesenti
1135 2745 1322 2827 tempore,
1355 2749 1394 2804 ut
1428 2732 1545 2805 verba
1580 2731 1726 2805 dicendi
1759 2731 1901 2828 utrique
1930 2715 2017 2803 usui}

141 2853 349 2929 inserviant.
405 2859 545 2932 Eadem
574 2878 696 2934 autem
723 2863 815 2934 ratio
844 2863 885 2935 iis
913 2864 1106 2960 significari
1143 2882 1292 2962 poterat
1320 2867 1523 2958 enuntiatis
1554 2893 1649 2963 quae
1679 2894 1726 2941 ex
1753 2851 2019 2942 coniunctioni-i

139 2989 211 3059 bus
242 2983 307 3074 ὅτι,
334 2987 383 3074 ὡς
409 3007 446 3064 et
472 2995 584 3066 verbo
612 2995 710 3068 finito
740 3013 909 3070 constent
944 3014 982 3071 et
1016 3024 1111 3094 quae
1146 3003 1351 3097 cogitentur
1388 3001 1443 3074 vel
1477 3003 1638 3076 dicantur
1670 3001 1838 3076 indicent.
1901 3001 2005 3073 Haec

141 3122 251 3218 igitur
277 3137 531 3199 structurarum
559 3133 791 3204 commutatio
827 3133 1014 3206 notissima
1049 3161 1135 3208 mox
1167 3154 1206 3209 et
1241 3137 1476 3212 usitatissima
1509 3137 1662 3211 Graecis
1694 3137 1800 3211 fieret
1832 3136 2004 3232 oportnit.

146 3255 259 3328 Simul
285 3275 404 3332 autem
433 3277 608 3358 tempora,
639 3292 733 3360 quae
770 3267 803 3339 in
840 3269 1141 3342 enuntiationibus
1177 3273 1293 3344 verbo
1335 3241 1453 3345 finito'
1475 3272 1636 3345 formatis
1673 3273 1744 3346 iam
1782 3271 1925 3368 pridem
1962 3270 2025 3343 di³

143 3391 276 3462 stincta
304 3412 428 3466 essent
455 3395 489 3467 in
515 3397 716 3475 infinitivum
745 3429 891 3498 quoque
921 3404 1136 3478 inferrentur
1168 3431 1326 3481 necesse
1363 3424 1443 3481 erat
1488 3409 1546 3506 (cf.
1577 3409 1731 3506 Herzog
1761 3405 1783 3480 l.
1813 3410 1834 3481 l.
1864 3434 1900 3504 p.
1931 3411 2025 3503 31)

140 3528 308 3622 Itemque
338 3555 416 3602 cum
445 3532 540 3604 hunc
568 3535 602 3606 in
630 3536 777 3608 modum
806 3538 960 3611 infinitivi
989 3567 1074 3612 usus
1101 3542 1191 3614 mire
1225 3559 1423 3640 augeretur
1460 3570 1551 3616 unus
1583 3569 1689 3616 casus
1721 3524 1946 3614 accusativus
1970 3541 2006 3612 in

144 3659 307 3736 infinitivi
335 3669 520 3739 structuris
551 3672 762 3744 constitutus
791 3688 857 3756 est,
887 3674 946 3768 qui
976 3691 1084 3748 antea
1111 3693 1199 3771 post
1231 3677 1410 3751 eiusmodi
1438 3676 1554 3752 solum
1579 3680 1739 3763 verbum,
1769 3704 1791 3748 a
1818 3702 1890 3774 quo
1918 3701 2004 3771 pen-

142 3797 234 3869 dere
261 3817 389 3894 posset
416 3820 609 3898 usurpatus
637 3805 821 3902 paullatim
855 3808 902 3879 ad
934 3835 999 3881 eas
1027 3835 1176 3907 quoque
1204 3814 1381 3909 serpebat
1409 3814 1711 3898 constructiones,
1738 3813 1775 3885 in
1811 3811 1940 3908 quibus
1975 3811 2006 3882 si

138 3932 188 4004 ad
219 3933 407 4010 veritatem
441 3963 501 4010 res
536 3941 743 4037 exigeretur
776 3944 892 4016 inanis
928 3962 1031 4018 esset
1067 3948 1306 4022 accusativus.
1362 3951 1488 4045 ltaque
1522 3949 1655 4022 factum
1689 3964 1748 4021 est
1783 3963 1821 4020 ut
1857 3971 2004 4020 accusa-

139 4067 232 4140 tivus
262 4093 294 4141 c.
326 4067 384 4143 inf.
412 4072 473 4168 qui
499 4075 651 4169 primum
684 4077 718 4148 in
753 4079 804 4150 eis
840 4081 1089 4153 tantummodo
1122 4084 1312 4156 enuntiatis
1345 4081 1465 4156 locum
1496 4083 1669 4169 habebat,
1702 4083 1737 4155 in
1773 4082 1902 4178 quibus
1931 4081 2004 4154 duo

137 4201 285 4276 obiecta
328 4206 639 4304 coniungebantur
680 4210 740 4284 vel
781 4213 815 4284 in
857 4240 921 4286 eas
962 4231 1156 4291 structuras
1198 4219 1378 4308 transiret,
1419 4219 1479 4290 ubi
1506 4217 1658 4291 subiecti
1690 4214 1773 4290 loco
1805 4216 2003 4290 infinitivus

134 4352 241 4410 stare
269 4339 426 4411 videtur.

294 4499 452 4576 Praeter
487 4501 544 4578 illa
581 4508 688 4606 igitur
722 4510 867 4585 dicendi
898 4517 1079 4587 vocabula
1114 4543 1210 4615 quae
1242 4543 1353 4613 supra
1389 4517 1423 4589 in
1455 4516 1614 4590 medium
1648 4513 1870 4611 protulimus,
1909 4517 2003 4591 haec

127 4660 283 4735 quoque
330 4635 381 4711 ad
423 4665 501 4712 rem
543 4643 801 4719 affirmandam
850 4647 1000 4722 consilio
1040 4647 1299 4748 voluntateque
1347 4652 1559 4748 posthabita
1603 4667 1833 4746 usurpantur:
1891 4679 2003 4746 τιρο-

128 4779 257 4869 λέγω
294 4774 406 4870 Sept.
454 4795 538 4867 337.
586 4821 636 4831 -
679 4778 855 4852 αὐόάω
898 4783 1003 4879 Sept.
1045 4809 1152 4877 1042.
1194 4830 1239 4846 —-
1287 4787 1444 4881 λόγος
1490 4790 1634 4858 ἐστίν
1668 4784 1794 4882 Suppl.
1833 4807 1917 4878 295.
1952 4832 2002 4840 -

129 4911 283 5006 λόγος
312 4915 583 4983 τέτυκται
609 4913 682 5011 Ag.
717 4935 800 5007 754.
831 4961 879 4970 —-
908 4920 1346 5018 mpopwva'mSuppl.
1369 4927 1453 5014 617.
1479 4919 1758 5010 -δικάζω
1784 4919 1857 5017 Ag.
1894 4943 2001 5010 1412.

44 5143 45 5168 γ
126 5046 314 5142 (iudicium
346 5046 491 5141 edico).
521 5092 572 5100 —
601 5051 715 5120 ἐστί
739 5050 878 5144 φήμη
906 5053 1030 5149 Suppl.
1063 5059 1145 5144 760.
1172 5100 1222 5110 -
1244 5053 1483 5152 ἐὔχομαι
1509 5052 1632 5152 Suppl.
1664 5059 1752 5148 536.
1780 5054 1801 5127 i.
1830 5080 1864 5129 e.
1892 5053 2002 5154 glori-

124 5201 247 5258 antem
278 5184 425 5258 dicere.
455 5225 505 5234 ..,
532 5183 784 5276 κομιιιὲζω
810 5185 883 5283 Ag.
920 5212 1025 5280 1131.
1056 5233 1105 5242 -
1143 5192 1463 5304 ἐπιλέγομαι
1494 5195 1568 5292 Ag.
1603 5212 1712 5280 1499.
1743 5232 1792 5244 -
1820 5192 2001 5283 φάσκω

1770 5345 1788 5390 4
