4138 5758
979 313 1016 362 12

430 521 464 615 ᾖ.
492 518 528 591 3.
589 518 648 590 De
673 512 867 587 infinitivo
894 513 943 583 ab
970 511 1059 583 aliis
1087 511 1217 583 verbis
1245 534 1322 582 non
1350 513 1553 602 pendente.

107 662 142 754 a)
189 659 262 730 De
302 654 585 728 infinitivo
625 650 824 722 iussum
863 645 1092 741 aliquod
1133 661 1458 740 etoptatum
1498 646 1865 744 significante.

215 792 386 867 Dativum
413 815 495 863 eum
523 812 607 860 esse
634 809 757 858 casum
786 782 948 865 diximus,
977 805 1051 877 quo
1094 780 1173 852 finis
1207 804 1316 874 quern
1349 781 1498 876 assequi
1528 779 1608 878 quis
1639 783 1725 854 velit
1751 784 1926 879 exprima-

56 949 112 1002 tur
150 929 380 1022 eandemque
406 926 477 997 vim
503 925 538 996 in
563 921 724 995 locativo
758 919 890 992 inesse.
945 917 1018 990 lam
1052 940 1142 990 vero
1177 915 1379 1010 imperativi
1413 932 1576 989 naturam
1610 943 1689 990 cum
1727 920 1928 991 accuratius

57 1061 317 1137 examinaveris
336 1061 408 1133 hoc
434 1059 537 1132 verbi
556 1055 671 1130 modo
691 1079 812 1152 paene
833 1053 931 1124 idem
950 1051 1144 1146 significari
1168 1051 1371 1147 intelleges,
1399 1049 1581 1142 Quidnam
1603 1051 1697 1124 aliud
1718 1069 1777 1124 est
1801 1053 1927 1126 iubere

56 1201 101 1270 ab
130 1199 255 1293 aliquo
282 1195 359 1268 fieri
387 1193 522 1289 aliquid
550 1194 617 1265 nisi
644 1217 716 1288 quo
744 1203 891 1284 spectet
916 1183 1085 1260 voluntas
1113 1185 1214 1258 alicui
1243 1185 1414 1258 edicere?
1453 1184 1538 1277 Qua
1566 1186 1613 1257 de
1641 1213 1752 1259 causa
1780 1187 1815 1260 in
1842 1191 1926 1260 mul-

55 1335 99 1407 tis
126 1332 254 1427 linguis
281 1333 380 1402 solus
408 1329 549 1402 dativus
574 1328 661 1400 satis
686 1342 745 1399 est
764 1324 812 1396 ad
831 1321 1017 1419 imperium
1036 1319 1276 1402 indicandum,
1303 1321 1401 1393 velut
1424 1321 1565 1393 Franco
1586 1365 1634 1374 -
1661 1320 1755 1394 Galli
1784 1322 1925 1397 dicunt:

59 1495 126 1541 »au
155 1467 253 1540 feu!‹
284 1465 341 1538 vel
376 1489 445 1537 nos
471 1465 680 1536 vernacule:
715 1459 825 1531 »Zum
851 1456 1035 1554 Angrifi!‹
1075 1452 1255 1552 (Wilhelm
1287 1452 1308 1526 l.
1335 1458 1355 1527 l.
1389 1481 1425 1550 p.
1462 1459 1537 1552 90).
1597 1457 1772 1531 Infinitivo
1806 1476 1925 1534 autem

55 1605 226 1701 quoniam
243 1604 335 1674 haec
361 1602 413 1673 vis
436 1600 570 1672 eadem
589 1595 820 1671 attribuenda
839 1610 896 1666 est
916 1617 988 1664 non
1008 1591 1078 1663 iam
1098 1589 1303 1663 mirabimur
1328 1589 1527 1685 imperativi
1545 1591 1630 1665 loco
1657 1595 1754 1666 haud
1774 1595 1825 1667 ita
1844 1621 1922 1668 raro

55 1739 258 1811 infinitivum
284 1737 379 1832 poni.
437 1735 571 1829 Neque
597 1756 687 1804 vero
714 1753 909 1826 puerorum
939 1725 1110 1822 exemplo
1130 1750 1224 1820 opus
1251 1740 1308 1797 est
1327 1725 1375 1797 ad
1394 1726 1599 1800 huiusmodi
1619 1730 1922 1803 constructionem

56 1872 318 1970 explicandam,
349 1895 443 1966 quos
470 1867 638 1941 infinitivo
666 1868 714 1937 ad
741 1865 860 1937 omnia
892 1864 1037 1936 omnino
1071 1863 1310 1958 exprimenda
1344 1862 1394 1934 uti
1427 1862 1503 1935 iure
1538 1863 1581 1936 L.
1611 1864 1742 1958 Meyer
1769 1867 1926 1938 animad-

56 2009 170 2082 vertit.
226 2007 294 2081 Est
331 2020 451 2078 autem
477 2001 535 2076 ille
562 2028 647 2074 usus
680 2000 925 2096 perantiquus
964 1997 1101 2092 quippe
1138 2022 1210 2091 quo
1242 1998 1404 2091 syntaxis
1442 1998 1597 2071 infinitivi
1629 1998 1813 2073 Homerici
1847 2025 1927 2090 cum

59 2145 258 2240 linguarum
285 2141 453 2212 Ariarum
479 2135 743 2210 consuetudine
772 2134 875 2229 quasi
897 2155 1042 2204 conexa
1057 2133 1103 2204 sit
1128 2133 1262 2227 quique
1285 2133 1320 2205 in
1342 2132 1507 2206 onmibus
1521 2132 1599 2206 sere
1615 2132 1741 2229 linguis
1756 2135 1928 2232 Indoger-

59 2280 179 2352 manis.
210 2277 407 2348 inveniatur
437 2275 498 2368 (cs.
515 2268 643 2366 lollyl.
666 2273 688 2344 l.
718 2296 754 2366 p.
781 2266 882 2370 ²¹5)·
917 2267 974 2340 Ac
1001 2284 1127 2362 potest
1150 2293 1197 2339 ex
1222 2266 1374 2340 Homeri
1401 2268 1619 2341 carminibus
1648 2294 1767 2365 paene
1795 2271 1927 2344 infinita

60 2413 181 2486 talium
199 2411 507 2484 constructionum
524 2407 632 2503 copia
652 2405 781 2488 afferri,
810 2429 920 2498 quam
941 2403 989 2474 ob
1010 2427 1086 2474 rem
1108 2399 1327 2499 Apollonius
1346 2400 1532 2498 Dyscolus
1560 2404 1608 2477 de
1635 2422 1770 2478 constr.
1799 2406 1849 2490 lll,
1877 2431 1925 2498 44

60 2552 151 2620 hanc
181 2545 328 2620 dicendi
354 2545 532 2617 rationem
561 2544 643 2627 ἔθος
669 2539 908 2613 Homericum
942 2535 1113 2634 appellat.
1170 2537 1317 2610 Ponitur
1351 2556 1477 2610 autem·
1517 2539 1616 2635 apud
1648 2539 1853 2613 Homerum
1889 2559 1927 2613 et

60 2685 206 2766 alterius
248 2697 285 2754 et
324 2681 455 2752 tertiae
488 2677 690 2774 imperativi
730 2699 915 2771 personae
959 2669 1043 2745 loco
1078 2674 1147 2745 etsi
1188 2673 1337 2768 saepius
1390 2675 1538 2748 alterius
1572 2697 1757 2770 personae
1791 2675 1929 2747 vicibus

64 2817 228 2912 fungitur.
285 2815 518 2910 Quamquam
537 2813 608 2885 hoc
634 2811 826 2883 discrimen
850 2809 1169 2905 grammaticorum
1194 2809 1451 2882 tantummodo
1480 2809 1660 2882 inventum
1684 2828 1758 2894 est;
1792 2835 1873 2883 nam
1890 2836 1928 2882 re

62 2977 151 3025 vera
179 2967 280 3023 certa
310 2975 470 3046 persona
497 2946 605 3020 menti
634 2970 709 3017 non
738 2945 963 3017 obversatur.
994 2943 1102 3036 Quid,
1119 2946 1218 3039 quod
1233 2944 1268 3015 in
1295 2945 1541 3017 monumentis
1568 2960 1735 3038 veterum
1762 2945 1930 3018 ludorum

60 3086 239 3158 eiusmodi
278 3083 438 3157 infinitivi
478 3083 536 3154 vel
578 3080 687 3153 dativi
730 3105 837 3152 casus
874 3075 1063 3150 cuiuslibet
1102 3078 1303 3174 imperativi
1348 3075 1532 3175 personae
1560 3080 1661 3152 vices
1690 3081 1865 3168 obtinent,
1894 3096 1932 3151 ut

60 3219 337 3317 quodammodo
366 3219 477 3290 etiam
504 3216 619 3314 prima
645 3216 691 3287 sit
716 3213 918 3311 imperativi
946 3238 1117 3314 persona.

217 3355 272 3425 Ex
299 3354 466 3425 Homero
494 3349 650 3446 exempli
676 3350 795 3445 gratia
822 3348 892 3421 hos
912 3372 1078 3446 congero
1097 3344 1225 3420 locos:
1253 3357 1291 3432 B,
1323 3368 1366 3442 75
1389 3345 1490 3442 ὑμεῖς
1516 3346 1699 3422 ‹l'oitlodev
1723 3347 1823 3419 ἄλλοι
1850 3353 1929 3444 ἐρη-

59 3464 158 3536 τύειν
185 3465 353 3533 ἐπέεσσιν.

219 3575 259 3652 Η,
290 3586 336 3659 79
365 3565 490 3656 τεύχεα
516 3563 671 3655 συλήσας
697 3567 837 3658 φερέτω
862 3571 981 3648 κοίλας
1009 3566 1064 3635 ἐπὶ
1089 3569 1189 3654 νῆας,

219 3711 322 3796 σῶμα
348 3705 386 3774 δὲ
412 3699 520 3774 οἶκαὸ
556 3699 641 3792 ἐμὸν
674 3698 818 3792 δόμεναι
851 3699 967 3770 πάλιν.
1025 3701 1179 3794 (φερέτω
1212 3713 1250 3771 et
1287 3699 1433 3792 δόμεναι
1471 3702 1520 3774 ad
1559 3699 1701 3773 tertiam
1728 3723 1925 3796 personam

62 3856 230 3936 spectant
256 3864 336 3910 cum
366 3836 506 3909 Hector
531 3835 643 3906 verba
672 3833 779 3906 saciat
806 3835 854 3905 ad
883 3840 1006 3928 Τρῶας
1033 3838 1090 3905 καὶ
1119 3831 1330 3928 εὐκνημίδας
1356 3834 1533 3931 illatore).

219 3974 256 4046 ln
290 3970 468 4046 eiusmodi
499 3968 606 4064 igitur
636 3967 819 4041 structuris
854 3967 1030 4041 Kuehner
1073 3963 1224 4042 verbum
1263 3968 1521 4045 voluntativum
1564 3969 1807 4066 supplendum
1846 3994 1927 4041 esse

62 4111 262 4192 arbitratur,
288 4104 386 4179 velut
412 4107 522 4190 ἔθελε,
548 4106 710 4199 itemque
737 4105 776 4175 L.
805 4103 937 4198 Meyer
963 4101 1074 4199 ὄρσεο,
1100 4106 1152 4176 ἴθι
1177 4106 1237 4178 vel
1268 4109 1340 4179 tale
1368 4104 1454 4202 quid
1486 4121 1525 4178 ut
1551 4102 1630 4176 illos
1661 4129 1789 4176 versus
1820 4104 1928 4196 expli·

64 4271 189 4317 cemus
216 4240 461 4316 necessarium
490 4265 574 4312 esse
603 4254 715 4335 putat.
770 4237 848 4312 Sed
889 4236 1003 4334 ellipsi
1038 4239 1179 4311 minime
1214 4265 1307 4335 opus
1341 4266 1425 4314 esse
1458 4240 1541 4314 mihi
1574 4238 1729 4313 videtur.
1788 4238 1930 4312 Etenim

63 4381 118 4453 his
144 4379 319 4452 infinitivis
346 4376 523 4449 absolutis
550 4401 623 4448 non
650 4375 804 4469 simplex
831 4373 930 4448 notio
958 4391 1069 4470 atque
1099 4375 1233 4448 infinita
1259 4375 1445 4460 indicatur,
1472 4393 1512 4450 ut
1538 4375 1588 4449 ait
1616 4374 1767 4468 Herzog
1793 4399 1827 4469 p.
1864 4377 1925 4454 18,

64 4517 122 4587 ubi
151 4511 289 4610 ellipsin
315 4513 422 4586 statui
449 4511 558 4594 iubet,
586 4511 653 4583 sed
679 4510 794 4604 regio,
822 4534 896 4605 quo
924 4511 1004 4605 quis
1023 4513 1152 4583 tendat
1178 4527 1239 4584 aut
1266 4512 1303 4584 id
1330 4511 1432 4607 quod
1459 4526 1665 4606 expetatur.

222 4648 334 4742 Viget
360 4663 480 4719 autem
505 4645 711 4718 huiusmodi
736 4644 892 4717 infinitivi
917 4671 1014 4733 usuS,
1044 4671 1262 4742 quamquam
1288 4672 1356 4742 pro
1386 4642 1500 4719 altera
1528 4661 1668 4718 tantum
1694 4665 1852 4740 persona
1878 4639 1927 4711 ibi

65 4799 266 4879 usurpatur,
294 4783 329 4854 in
355 4781 480 4854 Attico
508 4804 655 4877 quoque
685 4803 864 4862 sermone,
892 4781 991 4852 cuius
1018 4780 1117 4874 apud
1150 4779 1412 4876 Thucydidem,
1457 4780 1662 4866 Platonem,
1691 4773 1927 4876 Sophoclem,

66 4919 354 4993 Demosthenem
386 4942 461 4989 non
501 4918 551 4990 ita
580 4940 699 5012 pauca
737 4930 884 4988 exstant
917 4911 1097 5009 exempla.
1157 4915 1217 4988 Ac
1247 4943 1292 4989 ne
1326 4914 1515 5011 Aeschylo
1551 4917 1698 5014 quidem
1729 4912 1929 5010 incognitus

68 5070 135 5127 est.
191 5054 370 5150 Equidem
398 5052 556 5148 quinque
584 5051 753 5148 exempla
779 5050 906 5138 inveni,
944 5074 1095 5144 quorum
1129 5051 1281 5146 primum
1316 5069 1372 5125 est
1397 5053 1434 5125 in
1468 5052 1586 5127 Prom.
1615 5077 1648 5123 v.
1679 5068 1776 5138 712:
1807 5047 1859 5133 οῖς
1884 5047 1931 5140 μὴ

68 5192 235 5282 πελάζειν
273 5189 339 5286 (οἷς
364 5239 417 5256 a
445 5187 625 5282 Σκύθαις),
662 5184 735 5258 ἀλλ’
769 5184 968 5270 ἁλιστόνοις
1000 5184 1111 5270 πόδας
1135 5185 1139 5288 Ι
1161 5193 1383 5282 χρίμπτουσα
1421 5191 1595 5284 ῥαχίαισιν
1637 5188 1786 5279 ἐκπερᾶν
1811 5183 1933 5274 χθόνα,
