4138 5758
1024 289 1067 336 20

25 531 27 536 ·
103 490 309 566 collocatus
348 507 432 564 ante
462 491 691 588 participium
724 489 927 572 infinitivus,
960 512 1039 560 cum
1062 487 1156 561 alibi
1193 487 1396 584 praecedat
1431 487 1466 559 id
1496 489 1652 572 verbum,
1685 513 1759 585 quo
1788 487 1970 562 sententia

103 625 321 722 gravissima
346 625 559 698 continetur.

259 759 359 833 Eum.
391 782 411 852 3
417 782 437 853 3
443 780 475 853 5.
504 767 612 832 τοῦτο
635 759 701 854 γὰρ
721 759 825 849 λάχος
844 761 1006 830 διανταία
1028 757 1033 852 Ι
1057 756 1159 853 Μοῖρ’
1193 761 1391 830 ἐπέκλωσεν
1418 759 1577 851 ἐμπέδως
1606 759 1697 848 ἔχειν
1725 814 1731 826 .
1759 813 1765 827 .
1794 813 1800 826 .
1829 814 1835 826 .
1863 753 1969 852 ὁμαρ-

101 911 176 968 τεῖν
201 902 285 967 urla
313 893 409 966 haec
435 893 529 968 enirn
563 917 646 966 sors
671 919 694 965 a
728 894 805 967 sato
839 891 1012 966 attributa
1042 892 1150 966 nobis
1185 907 1254 981 est,
1289 892 1341 966 ita
1372 909 1410 966 ut
1446 893 1576 966 eadem
1611 917 1757 988 semper
1783 908 1821 965 et
1846 890 1967 964 immu-

100 1045 178 1103 tata
204 1044 359 1103 maneat.
387 1089 394 1103 .
424 1086 432 1100 .
462 1089 469 1103 .

258 1161 473 1237 Huiusmodi
499 1161 674 1236 infinitivis
701 1163 731 1235 si
758 1162 995 1260 negationem
1027 1187 1260 1258 praeponere
1297 1160 1404 1235 voles
1439 1187 1512 1236 non
1545 1161 1720 1258 particula
1748 1160 1800 1247 οὐ,
1827 1161 1894 1233 sed
1920 1160 1969 1254 μή

100 1297 310 1394 usurpanda
337 1310 405 1371 est.

259 1431 363 1528 Sept.
409 1452 465 1525 15.
507 1430 607 1502 πόλει
645 1428 821 1528 τίἰρήγειν
845 1437 903 1502 καὶ
943 1435 1042 1504 θεῶν
1081 1434 1260 1527 ἐγχωρίων
1284 1429 1289 1531 Ι
1313 1437 1472 1524 βωμοῖσι,
1512 1431 1617 1524 τιμὰς
1645 1431 1693 1523 μὴ
1725 1429 1970 1521 ’ξαλειφθῆναί

98 1595 185 1640 ποτε
213 1611 261 1620 -
289 1593 335 1640 ne
362 1565 634 1662 exstinguantur
659 1589 819 1660 unquam
846 1564 1019 1638 honores.

257 1699 345 1773 lbid.
367 1718 477 1791 1077.
500 1687 561 1772 ὅδε
580 1703 770 1794 Καδμείων
794 1696 902 1794 ἤρυξε
921 1698 1024 1772 πόλιν
1049 1696 1054 1800 Ι
1078 1697 1351 1795 μα’νατραπῆναι
1376 1698 1456 1794 μηδ’
1478 1697 1690 1810 ἀλλοδαπῶν
1714 1697 1719 1800 Ι
1744 1699 1876 1792 κύματι
1890 1726 1961 1789 φοι-

102 1843 177 1907 τιόν
203 1838 499 1928 κατακλυσθῆναι.
526 1879 575 1890 -—
604 1833 767 1907 defendit
792 1835 917 1907 urbem
945 1859 990 1907 ne
1018 1849 1291 1930 perverteretur
1321 1859 1414 1907 neve
1450 1834 1726 1932 peregrinorum
1753 1833 1851 1906 unda
1876 1833 1962 1904 viro-

100 1997 177 2043 rum
204 1969 534 2066 superfunderetur.

257 2103 325 2176 His
350 2128 440 2175 vero
468 2103 653 2176 structuris
680 2104 792 2176 multo
822 2102 987 2176 usitatior
1014 2119 1073 2176 est
1098 2100 1179 2190 alia,
1216 2119 1255 2176 ut
1281 2103 1449 2177 articulus
1477 2104 1517 2174 τό
1543 2104 1732 2202 negationi
1759 2104 1962 2175 antecedat.

100 2241 158 2312 De
186 2264 261 2334 quo
289 2238 433 2311 dicendi
460 2243 599 2332 genere
627 2254 763 2334 postea
790 2235 996 2335 diligentius
1023 2238 1274 2334 disquiremus,

223 2375 261 2470 b)
318 2373 390 2445 De
430 2370 705 2445 infinitivo
745 2389 877 2468 post
915 2371 1229 2470 particulas
1271 2370 1334 2459 ὡς
1374 2390 1425 2446 et
1465 2369 1598 2445 ὥστε
1638 2372 1839 2468 posito.

259 2532 402 2607 Eodem
437 2534 547 2606 modo
576 2560 650 2630 quo
682 2535 872 2608 infinitivus
900 2535 1165 2633 epexegeticus
1197 2535 1430 2632 explicandus
1457 2552 1546 2632 post
1575 2532 1625 2620 ὡς
1650 2552 1690 2607 et
1711 2529 1805 2606 ὥστε
1829 2533 1959 2605 infiniti-

98 2697 167 2742 vus
193 2668 347 2752 videtur,
375 2667 505 2765 quibus
532 2669 713 2764 particulis
745 2671 860 2760 altera
894 2670 1095 2744 enuntiatio
1131 2672 1177 2742 ab
1213 2673 1329 2742 altera
1355 2671 1568 2765 plerumque
1596 2687 1796 2764 separatur.
1852 2667 1964 2764 Apud

100 2804 299 2875 Homerum
334 2801 480 2898 quidem
510 2799 560 2889 ὠς
592 2806 845 2878 tantummodo
877 2805 1143 2901 significatione
1188 2803 1282 2878 finali
1313 2805 1526 2878 instructum
1554 2820 1620 2890 est,
1649 2806 1751 2900 quod
1784 2827 1965 2898 nunquam
2060 2799 2061 2839 Ι

100 2955 221 3010 tamen
249 2961 330 3009 cum
355 2937 527 3010 infinitivo
555 2938 793 3036 coniungitur,
822 2941 890 3012 sed
916 2966 997 3013 cum
1016 2940 1243 3012 coniunctivo
1271 2939 1346 3012 sive
1374 2941 1472 3011 nudo
1498 2940 1573 3012 sive
1600 2937 1645 3011 ἄν
1670 2936 1727 3011 vel
1754 2942 1815 3009 κέν
1843 2936 1965 3032 ampli-

99 3073 208 3144 ficato
242 3087 281 3144 et
311 3071 488 3166 optativo,
521 3072 583 3167 qui
616 3072 697 3168 ipse
725 3099 874 3170 quoque
910 3073 955 3146 ἄν
985 3076 1043 3146 vel
1068 3078 1130 3145 κέν
1155 3098 1281 3147 secum
1305 3091 1367 3148 aut
1392 3075 1505 3147 habet
1531 3090 1593 3148 aut
1617 3099 1691 3145 non
1716 3073 1841 3145 habet.
1861 3068 1967 3141 Ὥστε

100 3231 191 3278 vero
224 3206 323 3302 apud
356 3203 556 3280 Homerum
598 3208 711 3302 longe
745 3204 905 3304 plurimis
947 3205 1039 3281 locis
1072 3207 1270 3304 particulae
1307 3209 1584 3305 comparativae
1622 3208 1723 3280 vices
1749 3193 1901 3278 sustinet
1928 3189 2003 3276 et⁰

99 3365 180 3412 cum
207 3335 257 3426 ὡς
283 3339 495 3414 commutari
520 3356 657 3437 potest.

260 3473 411 3547 lluobus
453 3476 568 3548 solum
601 3475 691 3547 locis
719 3476 752 3548 vi
786 3477 1023 3550 consecutiva
1037 3479 1087 3551 uti
1119 3479 1279 3552 videtur:
1315 3481 1352 3554 ll.
1385 3480 1410 3568 Ι,
1439 3504 1486 3572 42
1519 3485 1549 3552 el
1574 3484 1614 3553 δέ
1645 3501 1701 3550 σοι
1727 3475 1829 3572 αὐτῷ
1854 3479 1968 3570 θυμὸς
2058 3475 2059 3482 '

100 3611 288 3680 ἐπέσσυται
315 3653 365 3663 -
394 3603 444 3694 ὥς
461 3627 510 3682 ’τε
534 3612 687 3680 νέεσθαι.
720 3655 767 3664 -
802 3609 908 3684 Alter
938 3614 1042 3685 locus
1070 3612 1224 3687 estod.
1253 3643 1281 3710 ρ,
1312 3638 1352 3686 21
1386 3613 1428 3686 oti
1459 3615 1525 3710 γὰρ
1552 3619 1606 3687 ἐπὶ
1632 3617 1821 3706 σταθμοῖσι
1845 3616 1967 3705 μένειν
2058 3577 2059 3636 l

101 3744 152 3814 ’έτι
178 3749 318 3837 τηλίκος
344 3745 415 3835 εἰμί
437 3742 442 3843 Ι
468 3737 552 3814 ὥστ’
578 3745 832 3840 ἐπιτειλαμένῳ
857 3729 1056 3842 σημάντορι
1080 3747 1201 3820 πάντα
1225 3753 1401 3821 πιθέσθαι.

258 3902 334 3975 Sed
347 3902 547 3998 Odysseae
567 3931 693 3978 versus
707 3934 729 3979 a
745 3907 901 3983 Lehrsio
916 3933 984 4006 pro
1000 3910 1123 4004 spurio
1139 3911 1301 3998 habetur,
1318 3908 1437 3984 Iliadis
1451 3937 1579 3986 versus
1606 3928 1760 3986 mutatur
1779 3910 1816 3982 in
1826 3908 1959 3982 ἀπονέε-
2057 3971 2058 4004 Ι

101 4039 213 4132 oluff)
241 4037 325 4133 quia
339 4054 414 4111 tam
445 4040 571 4134 paucis
593 4040 767 4137 exemplis
784 4059 823 4114 ut
841 4045 928 4116 voci
956 4039 1050 4116 ὥστε
1076 4042 1170 4117 illam
1196 4045 1264 4117 vim
1293 4046 1463 4120 attribuat
1482 4072 1523 4119 se
1542 4048 1680 4120 moveri
1700 4071 1814 4142 posse
1843 4057 1962 4136 negat.
2057 4013 2058 4048 ³

101 4172 309 4246 Classenius
324 4171 442 4262 vero⁸)
457 4172 513 4246 his
529 4171 621 4247 locis
635 4175 768 4249 initium
777 4203 862 4250 usus
878 4180 1095 4274 posterioris
1111 4180 1211 4252 cerni
1225 4182 1420 4265 contendit,
1439 4181 1647 4277 quodidem
1662 4180 1829 4279 Krueger
1842 4177 1970 4250 statuit

101 4307 136 4378 in
145 4332 294 4402 gramm.
311 4307 348 4392 ll,
369 4327 428 4400 55,
446 4331 478 4400 3,
506 4314 538 4380 6.
556 4309 718 4411 Quoquo
737 4312 851 4385 modo
874 4313 969 4387 haec
996 4339 1056 4387 res
1075 4339 1161 4386 sese
1179 4314 1303 4399 habet,
1322 4315 1360 4387 id
1379 4343 1425 4389 ex
1443 4317 1515 4389 hac
1531 4309 1788 4389 controversia
1799 4329 1969 4410 apparet,

101 4441 369 4514 consecutivam
378 4443 484 4516 vocis
494 4439 587 4518 ὥστε
601 4445 674 4518 vim
684 4463 818 4543 postea
835 4448 1028 4533 exstitisse,
1037 4473 1145 4544 quarn
1156 4451 1312 4523 eundem
1326 4477 1429 4523 usum
1444 4446 1644 4546 particulae
1660 4445 1718 4534 ὡς.
1730 4449 1839 4521 Hunc
1848 4465 1971 4520 autem

102 4602 202 4649 usum
236 4593 275 4650 ut
309 4577 560 4673 intellegamus
593 4596 757 4654 naturam
790 4599 902 4678 atque
935 4582 1113 4678 originem
1144 4585 1407 4659 vocabulorum
1442 4587 1476 4658 in
1505 4587 1718 4659 memoriam
1753 4607 1970 4656 revocemus
2055 4605 2056 4610 ’

104 4726 263 4806 oportet.
319 4711 392 4784 lam
420 4712 480 4808 qui
508 4713 574 4786 arti
601 4717 874 4814 etymologicae
895 4741 990 4812 quae
1017 4733 1175 4790 vocatur
1204 4743 1357 4814 operam
1383 4737 1521 4795 navant
1547 4723 1611 4795 viri
1638 4720 1737 4794 docti
1763 4718 1970 4812 docuerunt

240 5025 266 5112 7Ι
311 5027 362 5092 De
385 5030 563 5095 Aristarchi
584 5033 696 5097 studiis
719 5034 901 5099 Homericis
923 5055 953 5118 p.
982 5033 1051 5099 160.

240 5140 265 5230 Β)
311 5146 425 5210 Annal.
451 5147 558 5230 philol.
582 5168 609 5212 a.
639 5151 730 5231 1859.
755 5170 785 5233 p.
810 5168 882 5234 303.
