4138 5758
1100 309 1173 370 19.

195 521 233 576 ut
259 527 395 576 memor
423 502 489 572 sim
517 547 566 554 -
597 527 669 596 quo
699 499 781 572 loco
812 499 963 573 alterum
990 504 1140 574 verbum
1174 501 1357 574 sufficeret
1391 502 1438 574 ad
1471 504 1566 574 ideln
1597 507 1729 576 eadem
1758 505 1834 576 sere
1862 532 1972 600 persp

196 655 269 711 tate
296 635 561 716 enuntiandum,
590 635 656 707 sed
685 660 786 707 more
815 637 1001 731 epicorum
1027 635 1146 706 verbis
1174 630 1498 730 non'parcentium
1526 641 1727 729 μεμνῆσθαι
1753 639 1957 733 appositum

351 769 475 866 Suppl.
504 788 591 860 407.
623 773 677 842 δεῖ
694 798 749 841 τοι
772 774 916 856 βαθείας
937 773 1126 863 φροντίδος
1158 777 1334 863 ’σωτηρίου
1360 768 1363 870 Ι
1390 774 1490 862 δίκην
1510 776 1775 866 κολυμβητῆρος
1790 776 1825 856 ές
1851 765 1981 859 βυθόν

193 917 266 979 λείν
291 907 294 1008 l
321 906 485 1001 δεδορκὸς
518 902 612 997 όμμα
645 903 724 996 μηδ
748 901 837 996 ἄγαν
871 902 1064 996 ρίνωμένον
1091 930 1183 999 opus
1214 921 1271 976 est
1296 904 1477 998 profunda
1506 932 1590 977 cura
1618 923 1656 977 ut
1685 907 1916 980 cernentibus
1944 933 1966 978 o

193 1069 259 1115 nec
286 1043 389 1115 nimis
416 1042 499 1112 vino
528 1039 688 1134 gravatis
717 1038 752 1108 in
779 1041 887 1109 altum
915 1038 1198 1111 descendamus.

354 1204 425 1298 Ag.
457 1209 541 1274 620.
596 1201 660 1274 οὐκ
687 1199 758 1272 ἔσθ’
786 1195 883 1286 ὅπως
909 1205 1045 1293 λέξαιμι
1064 1202 1108 1271 τὰ
1127 1202 1242 1294 ψεύδη
1269 1203 1357 1272 καλὰ
1382 1205 1386 1299 l
1412 1207 1447 1287 ές
1473 1204 1664 1274 τόνπολόν
1679 1212 1811 1294 φίλοισι
1837 1214 1988 1308 καρπον

194 1339 320 1433 χρόνον
352 1363 425 1410 non
459 1337 607 1409 dixerim
639 1337 827 1408 mendacia
855 1333 1005 1430 pulchra
1036 1355 1074 1408 ut
1107 1336 1143 1406 in
1175 1336 1323 1430 longum
1364 1337 1537 1432 temporis
1573 1338 1728 1432 spatium
1770 1339 1902 1410 sructus
1937 1365 1958 1410 a
1987 1309 1988 1312 .

197 1475 337 1546 existat.
1989 1459 1990 1462 Ἴ

353 1611 428 1705 Ag.
461 1612 543 1698 708.
573 1603 741 1698 ὑμέναιον
766 1602 804 1690 ὃς
830 1604 900 1676 τότ)
928 1609 1117 1700 έπέῤῥεπεν
1150 1589 1355 1700 γαμβροῖσιν
1389 1605 1528 1690 ἀείδειν,
1556 1608 1614 1701 qui
1641 1608 1829 1679 infinitivus
1858 1634 1973 1702 prono

192 1745 348 1817 relativo
377 1741 663 1838 supplementum
692 1740 837 1813 additus
866 1760 940 1813 est:
969 1741 1043 1812 hoc
1068 1759 1167 1814 certe
1184 1742 1295 1811 modo
1325 1743 1565 1812 anacoluthon
1582 1741 1835 1836 explicandum
1865 1769 1948 1815 esse

194 1879 341 1974 quidem
369 1879 516 1950 videtur.

351 2043 424 2138 Ag.
460 2046 544 2132 962.
580 2041 674 2124 οίκος
707 2037 854 2134 ’ὑπάρχει
889 2042 1005 2111 ταῖνδε
1040 2039 1107 2110 οὖν
1138 2044 1242 2122 θεοῖς,
1294 2036 1392 2126 ἄναξ,
1427 2041 1534 2127 έχειντ
1572 2038 1688 2110 adhuc
1723 2056 1780 2111 est
1805 2040 1935 2112 domus
1965 2044 1997 2133 (i.

194 2179 347 2261 divitiae,
382 2203 473 2273 opes
505 2176 760 2270 domesticae),
798 2191 836 2245 ut
870 2176 996 2246 horum
1031 2175 1063 2265 (i.
1099 2201 1127 2246 e.
1166 2190 1447 2245 stramentorum
1474 2178 1749 2267 purpureorum)
1778 2175 1978 2268 habeamus

193 2337 302 2406 quem
335 2312 383 2383 ad
417 2310 535 2382 locum
567 2309 690 2404 Enger
719 2310 920 2382 adnotavit:
963 2309 1052 2380 »der
1088 2309 1235 2381 Infinitiv
1272 2309 1318 2380 ist
1355 2309 1463 2380 freier
1492 2309 1735 2403 hinzugel'ugt,
1772 2311 1839 2381 wie
1878 2310 1972 2381 ofter

193 2445 462 2528 Griechischen
490 2469 549 2516 wo
565 2446 628 2516 wir
641 2444 701 2515 ihn
731 2445 804 2516 mit:
832 2469 891 2515 um
912 2443 1086 2524 dadurch,
1116 2471 1173 2514 um
1194 2444 1316 2525 domii,
1343 2469 1400 2515 urn
1428 2443 1562 2516 darauf
1576 2443 1836 2537 wiedergeben
1863 2456 2006 2548 mussen

353 2607 444 2679 Cho.
478 2629 533 2696 70.
567 2608 710 2699 διαλγὴς
740 2605 808 2698 ἄτη
839 2609 996 2700 διαφέρει
1024 2608 1086 2676 τόν
1110 2611 1224 2677 α’ίτιον
1250 2610 1471 2697 παναρκέτας
1500 2606 1606 2678 νόσου
1641 2608 1772 2701 βρύειν,
1800 2633 1909 2700 quern
1937 2607 1995 2679 loc

192 2741 238 2814 A.
281 2742 328 2814 de
371 2741 519 2837 Jongh⁶)
561 2744 610 2814 ita
650 2743 922 2838 interpretatur:
971 2766 1211 2822 »aerumnosa
1253 2739 1380 2812 clades
1423 2759 1618 2813 nocentem
1661 2741 1807 2840 lacerat,
1851 2761 1887 2813 ut
1928 2768 2006 2813 mor

193 2877 354 2949 exundet
379 2865 545 2951 invicto«

352 3041 439 3112 lbid.
473 3060 554 3132 370.
582 3043 694 3136 πάρος
719 3040 783 3112 δὀἱ
808 3041 1000 3124 κτανόντες
1033 3068 1087 3110 νιν
1121 3035 1237 3123 οὕτως
1269 3041 1420 3131 δαμῆναι
1448 3085 1497 3090 -
1527 3041 1780 3133 θανατηφόρον
1807 3039 1910 3110 αίσαν
1936 3040 2009 3133 πρόι

151 3191 162 3206 ·
194 3175 272 3245 τινὰ
309 3174 570 3246 πυνθάνεσθαα
599 3204 618 3247 ο
645 3177 674 3247 si
703 3176 763 3269 qui
806 3201 887 3246 eum
927 3175 1188 3246 interemerunt
1229 3188 1338 3245 antea
1380 3175 1433 3244 sic
1475 3175 1678 3267 periissent,
1718 3189 1758 3244 ut
1784 3174 1895 3270 saturn
1933 3199 2009 3244 eon

196 3315 345 3383 mortale
377 3311 506 3407 procul
533 3311 658 3408 aliquis
690 3311 896 3382 audivisset.

352 3473 437 3547 lbid.
471 3494 555 3564 740.
586 3472 748 3546 κεύθουσ
778 3499 844 3546 ÷sc.
874 3477 999 3567 γέλων)
1031 3471 1080 3543 έπ)
1118 3475 1230 3566 έργοις
1257 3475 1572 3566 διαπεπραγμένοις
1599 3478 1715 3554 καλῶς
1742 3478 1847 3562 κείνη,
1875 3471 1995 3562 δόμοις

194 3611 309 3678 τοῖσδε
341 3617 529 3702 παγκακως
562 3612 666 3700 ’έχεινῑ
709 3611 815 3681 risum
854 3606 977 3680 celans
1011 3633 1090 3678 curn
1123 3606 1265 3678 audiret
1302 3633 1362 3678 res
1391 3573 1443 3677 ita
1474 3605 1601 3686 factas,
1632 3624 1671 3676 ut
1705 3606 1801 3676 bene
1841 3605 1897 3692 illi,
1937 3606 2009 3676 don

196 3740 273 3812 huic
299 3746 459 3837 pessime
490 3770 576 3816 sese
605 3744 776 3816 habeant.
1053 3727 1056 3732 ¹

350 3908 435 3979 lbid.
469 3926 552 3998 797.
581 3915 634 3991 τίς
657 3905 701 3976 όίν
721 3907 927 3998 σωζόμενον
943 3906 1082 3998 ῥυθμόν
1107 3907 1111 4005 l
1137 3903 1231 3975 τοῦτ’
1248 3895 1335 3976 ἰδεῖν
1362 3904 1515 3975 δάπεδον
1540 3901 1544 4002 l
1569 3902 1754 3995 ἀνομένων
1782 3903 1953 3995 βημάτων
1979 3901 2009 3989 ό(

191 4061 280 4132 γμα;
318 4040 419 4113 Haec
453 4043 621 4114 Dindorli
651 4042 839 4134 scriptura,
868 4066 963 4136 quae
999 4041 1166 4111 codicum
1199 4065 1348 4134 quoque
1376 4057 1444 4122 est,
1476 4037 1639 4133 intellegi
1671 4063 1743 4109 non
1776 4052 1900 4131 potest
1933 4038 1998 4108 nisi

193 4201 299 4246 versu
333 4181 573 4250 antecedente
605 4176 852 4272 suppleamus:
881 4180 1088 4270 προστιθείη
1119 4179 1248 4270 μέτρον
1287 4192 1324 4246 et
1364 4175 1571 4247 infinitivum
1610 4173 1861 4267 explicativum
1901 4173 2009 4242 subes

193 4325 410 4382 statuamus:
456 4331 514 4383 »ut
547 4315 618 4384 hoc
654 4310 768 4383 solum
809 4336 929 4381 rursus
965 4309 1089 4381 videat
1126 4311 1364 4383 desinentium
1400 4311 1591 4406 'gressuum
1621 4310 1734 4380 nisum
1774 4332 1924 4378 servare
1958 4332 2009 4377 me

191 4469 335 4515 suram«
365 4444 413 4518 A.
444 4448 491 4517 de
521 4448 648 4542 longh.

350 4607 435 4679 Ibid.
466 4630 552 4700 995.
582 4611 736 4706 μύραινα
770 4609 860 4702 γἐίτ)
895 4608 997 4699 έχιδν)
1036 4610 1102 4698 ’έφυ
1127 4609 1131 4708 l
1158 4609 1282 4700 σήπειν
1297 4606 1430 4699 θιγούσ
1452 4605 1496 4678 ἄν
1523 4604 1631 4677 ἄλλον
1645 4604 1688 4677 οὐ
1703 4607 1916 4697 δεδηγμένον
1941 4601 1944 4701 Ι
1970 4604 2009 4672 τό

189 4767 258 4832 μης
285 4742 380 4813 ἕκατι
406 4743 572 4816 κάκδίκου
602 4747 829 4841 φρονήματος
860 4789 909 4797 -
947 4769 1055 4842 quarn
1087 4761 1175 4839 puto
1212 4743 1316 4814 alium
1353 4766 1425 4812 non
1460 4765 1619 4813 morsum
1647 4757 1800 4835 tangere
1829 4755 1867 4807 ut
1895 4749 2009 4830 putret

192 4874 267 4958 ciat,
311 4902 405 4971 quae
448 4896 507 4951 est
549 4883 625 4952 eius
668 4880 822 4951 audacia
864 4879 1116 4972 impietasque.
1173 4875 1298 4950 Paullo
1340 4874 1551 4948 insolentior
1594 4873 1741 4968 quidem
1774 4887 1832 4948 est
1866 4871 1937 4946 hoc
1971 4873 2009 4942 lo

202 5069 607 5082 Ἡ*

330 5159 353 5242 ⁶)
399 5161 433 5222 In
457 5163 599 5226 editione
622 5162 715 5224 huius
739 5163 874 5226 fabulae.
943 5161 1080 5228 Traiect.
1109 5162 1151 5223 ad
1174 5162 1275 5226 Rhen.
1307 5159 1398 5236 1856.
