4138 5758
996 283 1033 344 18

528 490 614 585 §3-
643 491 702 562 De
727 492 919 562 infinitivo
946 493 995 562 ab
1021 490 1109 562 aliis
1138 491 1267 563 verbis
1294 494 1501 584 pendente.

560 709 595 796 a)
649 703 722 774 De
765 703 1044 775 infinitivo
1088 705 1473 800 epexegetico

240 839 497 910 Consideranti
528 838 618 918 mihi,
648 864 720 932 qua
747 838 805 909 via
833 840 880 908 ab
909 841 1025 909 altero
1062 836 1121 910 illo
1153 837 1308 909 infinitivi
1336 865 1474 935 genere
1503 858 1688 912 transeam
1719 840 1766 910 ad
1794 837 1946 911 alterum

80 990 278 1070 peroptato
307 975 336 1044 is
364 973 512 1044 offertur
541 973 743 1056 infinitivus,
773 975 832 1067 qui
861 975 907 1044 ab
937 970 1008 1043 alio
1043 974 1229 1044 enuntiato
1261 973 1311 1044 ita
1346 975 1485 1067 pendet
1516 994 1554 1047 ut
1583 977 1685 1070 quod
1713 976 1783 1046 iarn
1813 975 1948 1045 dictum

80 1109 125 1180 sit
152 1107 273 1203 paullo
304 1109 504 1180 accuratius
535 1107 774 1192 describatur,
805 1108 864 1202 qui
893 1107 1032 1204 pendet
1059 1107 1118 1191 ita,
1147 1125 1184 1179 ut
1214 1107 1489 1202 quodammodo
1520 1108 1708 1181 absolutus
1739 1111 1796 1194 sit,
1832 1133 1947 1204 quare

82 1270 102 1312 a
129 1243 374 1336 grammaticis
403 1241 734 1336 interpretibusque
764 1242 953 1314 infinitivus
982 1225 1128 1314 liberius
1166 1242 1312 1314 additus
1341 1241 1398 1314 vel
1426 1242 1586 1320 similiter
1612 1261 1767 1316 vocatur.
1825 1244 1947 1334 Quem

81 1377 237 1448 infinitivi
272 1402 372 1448 usum
410 1393 449 1448 ut
491 1377 637 1447 omnino
677 1377 712 1447 in
749 1378 949 1471 linguarum
990 1376 1371 1470 lndogennanicarum
1407 1379 1648 1449 monumentis
1688 1377 1843 1472 antiquis
1888 1379 1946 1472 (cs.

80 1509 168 1604 lolly
201 1539 235 1606 p.
274 1511 364 1612 215)
407 1511 456 1582 sic
492 1511 590 1606 apud
625 1513 829 1583 Homerum
866 1536 1014 1606 quoque
1057 1510 1115 1582 vel
1150 1513 1304 1584 maxime
1341 1515 1517 1584 excultum
1554 1513 1767 1595 invenimus;
1812 1531 1945 1607 postea

81 1649 216 1718 sensim
249 1647 589 1741 pedetemptimque
624 1647 844 1718 imminuitur.
907 1647 974 1717 Est
1007 1643 1128 1718 autem
1171 1675 1191 1718 e
1227 1647 1336 1718 dativi
1379 1659 1431 1738 let
1468 1647 1626 1743 locativi)
1669 1667 1797 1720 natura
1836 1647 1944 1742 expli-

81 1781 227 1854 candus.
283 1781 417 1852 Dativo
448 1781 541 1852 enim
570 1805 658 1852 casu
688 1807 733 1852 ea
760 1782 831 1852 iam
847 1806 957 1875 supra
979 1782 1163 1853 docuimus
1191 1782 1393 1875 significari,
1421 1808 1516 1876 quae
1545 1801 1590 1854 e'x
1616 1783 1692 1854 aliis
1719 1807 1944 1877 consequan-

81 1934 145 2000 tur,
173 1942 232 1988 res
262 1916 566 2009 conditionesque
602 1941 697 2010 quae
733 1915 807 1986 aliis
843 1914 1051 1987 efficiantur.
1091 1915 1214 2006 ¹Quae
1246 1915 1353 1987 dativi
1391 1917 1443 1987 vis
1471 1915 1636 1987 dilucide
1656 1931 1810 2011 apparet
1836 1917 1942 1988 etiam

83 2051 115 2120 in
145 2050 316 2122 infinitivo
345 2066 432 2144 post
459 2049 644 2121 adiectiva
670 2067 708 2121 et
735 2051 907 2122 adverbia
934 2051 1066 2145 posito,
1093 2050 1127 2121 in
1155 2051 1283 2145 quibus
1312 2052 1449 2146 gradus
1479 2051 1694 2147 significatio
1721 2051 1822 2128 inest.
1843 2049 1944 2122 velut

84 2191 232 2276 τηλίκος,
259 2185 371 2268 νόσος,
399 2209 494 2279 quae
523 2202 701 2257 structura
730 2187 800 2256 iam
829 2186 927 2279 apud
954 2184 1154 2256 Homerum
1183 2186 1416 2257 usitatissima
1450 2201 1517 2257 est.
1574 2186 1714 2256 Horum
1741 2187 1843 2279 igitur
1870 2185 1939 2255 infi-

84 2319 268 2390 nitivorum
296 2319 332 2390 in
359 2344 508 2389 numeru
540 2320 649 2391 etiam
676 2316 734 2391 ille
754 2319 944 2390 infinitivus
973 2321 1233 2415 epexegeticus
1254 2321 1439 2392 ducendus
1469 2337 1535 2404 est,
1566 2321 1624 2415 qui
1654 2320 1753 2414 apud
1779 2319 1939 2412 Aeschy-

83 2457 153 2539 lum
180 2478 251 2524 non
280 2455 328 2525 ita
357 2478 458 2524 rarus
486 2452 669 2525 invenitur.
725 2451 930 2556 Adhibetur
964 2470 1084 2524 autem
1125 2454 1166 2525 iis
1202 2455 1428 2548 potissimum
1462 2453 1562 2532 locis.
1598 2455 1632 2525 in
1668 2455 1796 2549 quibus
1823 2481 1939 2549 quam·

85 2612 191 2681 quam
227 2591 274 2659 ad
307 2589 525 2660 sententiam
563 2587 811 2660 illustrandam
849 2585 982 2682 aliquid
1014 2587 1096 2658 novi
1131 2587 1307 2660 adiciatur
1342 2614 1498 2661 necesse
1534 2614 1606 2659 non
1655 2606 1723 2672 est,
1759 2606 1880 2661 tamen
1911 2606 1948 2660 ut

85 2721 223 2816 plenior
252 2722 406 2794 orationi
436 2722 590 2793 addatur
626 2747 735 2794 sonus
765 2723 902 2816 aliquot
939 2723 1052 2794 verba
1087 2723 1320 2816 adiungenda
1354 2750 1438 2794 esse
1472 2741 1585 2817 poeta
1622 2742 1761 2796 censet.
1821 2725 1946 2818 ltaque

86 2873 212 2951 spreta
235 2857 409 2950 particula
437 2856 671 2927 consecutiva
705 2857 840 2953 quippe
875 2882 948 2951 qua
981 2858 1128 2951 propria
1163 2874 1201 2928 et
1235 2859 1427 2952 peculiaris
1461 2861 1634 2931 existeret
1663 2859 1837 2930 enuntiati
1864 2884 1949 2952 pars

86 2991 254 3062 infinitivo
283 2991 397 3073 utitur,
428 3015 500 3084 quo
527 2988 610 3061 nihil
639 3015 723 3062 esse
756 2991 792 3061 in
827 3007 1016 3085 utramque
1050 3008 1191 3086 partem
1224 2994 1446 3088 commodius
1479 3010 1612 3100 potest,
1648 3018 1694 3063 ne
1727 2993 1815 3087 quid
1849 2993 1948 3063 nimis

87 3142 186 3196 arcte
218 3150 297 3196 cum
328 3125 572 3198 enuntiatione
603 3127 849 3197 antecedente
883 3129 1079 3198 cohaereat
1111 3152 1204 3198 neve
1234 3128 1333 3200 nimis
1362 3127 1538 3200 subtiliter
1567 3129 1612 3199 ab
1642 3154 1689 3199 ea
1716 3129 1946 3199 discernatur.

245 3288 322 3361 Sed
356 3289 442 3383 quid
474 3287 590 3360 multis
625 3265 713 3360 meis
747 3290 867 3360 verbis
903 3315 996 3384 opus
1039 3291 1114 3361 est?
1186 3290 1372 3386 Exemplis
1413 3317 1457 3362 ex
1491 3290 1678 3383 Aeschylo
1710 3292 1789 3383 ipso
1825 3289 1949 3382 petitis

87 3423 175 3494 illius
203 3423 357 3495 infinitivi
384 3441 510 3494 natura
538 3424 704 3495 facillime
733 3425 978 3517 cognoscitur.
1036 3426 1141 3496 Haec
1170 3427 1240 3496 iam
1267 3427 1303 3496 in
1331 3426 1454 3497 medio
1485 3449 1744 3520 proponemus.

246 3587 350 3682 Sept.
380 3593 466 3659 623.
495 3566 606 3680 σάρκα
633 3586 807 3678 δ’ἡβαῑσαν
839 3587 921 3676 φύει
947 3585 951 3684 l
975 3586 1053 3680 παρ’
1090 3586 1236 3672 ἀσπίδος
1269 3592 1458 3680 γυμνωθὲν
1502 3585 1653 3682 ἁρπάσαι
1686 3584 1781 3678 δόρυ,
1822 3584 1946 3678 quibus

89 3722 210 3793 verbis
238 3720 427 3792 iuvenilem
454 3721 552 3793 senis
580 3721 772 3792 Lasthenis
800 3721 965 3815 vigorem
993 3703 1108 3815 poeta
1150 3723 1329 3794 describit.
1386 3721 1576 3794 Sententia
1601 3720 1715 3814 prima
1744 3744 1785 3790 ac
1811 3717 1946 3811 gravis-

90 3857 180 3927 sima
222 3857 428 3927 continetur
466 3856 645 3956 prioribus
684 3857 813 3936 verbis,
857 3881 951 3950 quae
995 3873 1033 3928 ut
1074 3855 1208 3951 aliquid
1247 3859 1439 3929 illustretur
1474 3873 1512 3928 et
1538 3871 1733 3928 exornetur
1760 3853 1944 3924 infinitivus

91 3992 352 4085 epexegeticus
380 3989 523 4061 additus
551 4007 619 4060 est.
676 3989 758 4060 Hoc
799 3991 891 4061 enim
934 3993 1073 4063 roboris
1108 3995 1313 4086 exemplum
1348 4008 1384 4063 et
1419 3994 1522 4086 quasi
1555 3992 1679 4084 imago
1708 4005 1793 4062 ante
1822 3989 1941 4058 oculos

92 4127 195 4196 nobis
224 4126 447 4220 proponitur.
478 4125 605 4196 Latine
632 4150 719 4196 vero
748 4126 838 4196 verti
864 4151 933 4196 non
959 4144 1085 4221 potest
1109 4128 1173 4198 nisi
1206 4142 1268 4198 aut
1301 4129 1487 4198 vocabulo
1515 4125 1747 4197 consecutivo
1775 4139 1812 4195 et
1835 4121 1945 4192 verbo

93 4261 191 4330 linito
221 4276 282 4330 aut
308 4262 417 4352 plane
445 4283 540 4330 nova
569 4259 823 4331 enuntiatione.

251 4422 347 4494 Pers,
388 4427 469 4513 265.
506 4415 525 4512 ἦ
558 4429 788 4516 μακροβίοτος
819 4417 878 4493 dds
912 4427 951 4514 γέ
982 4451 1036 4507 τις
1069 4424 1073 4522 l
1099 4423 1188 4493 aluit)
1229 4425 1367 4516 ἐφάνθη
1398 4441 1557 4518 γεραιοῖς,
1587 4419 1730 4492 duorlar
1763 4420 1845 4490 τόδε
1871 4416 1951 4508 πῆμ’

93 4557 255 4629 ἄελπτον.
311 4558 465 4628 Laxiore
499 4581 591 4628 nexu
623 4557 677 4628 hic
713 4583 859 4652 quoque
898 4557 1089 4629 infinitivus
1121 4585 1198 4629 cum
1237 4560 1360 4630 verbis
1392 4557 1637 4652 praegressis
1673 4572 1711 4626 ut
1746 4577 1952 4648 pronomen

94 4693 150 4764 dds
179 4692 298 4788 paullo
326 4692 539 4763 certioribus
567 4693 694 4762 finibus
725 4693 1032 4764 circumscribatur
1059 4693 1270 4765 coniunctus
1300 4709 1364 4764 est.

157 4921 160 4928 .
252 4857 351 4926 Pers.
390 4876 475 4945 593.
517 4861 657 4925 λέλυται
702 4856 767 4949 γὰρ
807 4856 889 4938 λαὸς
929 4856 1097 4949 distillasti
1117 4899 1118 4904 .
1137 4856 1259 4945 βάζειν
1300 4854 1471 4926 liberatus
1509 4873 1565 4926 est
1592 4853 1748 4952 populus
1775 4868 1814 4923 ut
1842 4850 1951 4921 libere

97 4989 274 5083 loquatur.

254 5122 380 5218 Suppl.
413 5145 497 5213 205.
514 5125 714 5216 φυλάξομαι
734 5130 770 5195 nt
785 5126 891 5196 τάσδε
905 5129 1105 5218 μεμνῆσθαι
1134 5130 1238 5196 σέθεν
1263 5131 1266 5208 i
1292 5127 1418 5210 reclude
1438 5128 1591 5219 ἐφετμάς
1623 5123 1780 5194 servabo
1808 5120 1955 5216 imperia
