4138 5758
973 646 1216 778 ludex.

268 879 376 982 Capul
405 885 424 960 Ι.
479 883 538 954 De
565 881 680 954 forma
708 883 867 957 infinitivi
894 881 992 978 apud
1020 882 1243 976 Aeschylum
1269 909 1331 978 pp.
1364 906 1471 973 3—9.
1980 979 1981 982 Ἴ

478 1013 508 1118 ξ.
544 1040 573 1087 1.
630 1016 736 1108 Quae
771 1014 854 1088 olim
889 1015 1018 1088 suerint
1041 1017 1203 1088 infinitivi
1231 1017 1367 1090 Graeci
1399 1018 1539 1088 formae
1575 1016 1787 1101 ostenditur,
1814 1019 1984 1113 praemiss

635 1150 758 1244 paucis
786 1152 833 1222 de
861 1149 1050 1244 Aeschylo
1078 1151 1229 1223 Homeri
1255 1151 1437 1223 imitatore
1464 1176 1526 1245 pp.
1557 1173 1666 1242 3-5.
1898 1245 1899 1252 ἵ

476 1281 507 1387 ξ.
539 1309 568 1355 2.
625 1285 732 1377 Quae
760 1285 915 1356 infinitivi
941 1287 1080 1372 formae
1110 1287 1144 1357 in
1172 1285 1350 1380 Aeschyli
1386 1286 1513 1356 fabulis
1539 1285 1763 1356 inveniantur
1789 1311 1848 1380 pp.
1886 1290 1990 1374 6-p

266 1417 374 1519 Gapul
403 1420 437 1498 ll.
492 1420 551 1493 De
579 1420 722 1513 syntaxi
749 1419 908 1491 infinitivi
937 1419 1034 1514 apud
1061 1417 1284 1513 Aeschylum
1310 1446 1371 1515 pp.
1406 1421 1564 1510 10-38.
1672 1463 1674 1472 .
1992 1515 1993 1522 ἶ

476 1551 509 1656 ξ.
545 1579 572 1624 1.
628 1553 727 1644 Quid
753 1555 985 1626 statuendum
1011 1555 1057 1626 sit
1084 1555 1131 1626 de
1161 1555 1300 1648 origine
1328 1571 1365 1626 et
1390 1555 1424 1624 vi
1450 1554 1607 1625 infinitivi
1633 1579 1695 1648 pp.
1730 1577 1884 1625 10‹-11.
1992 1543 1994 1546 Α

479 1685 511 1790 ξ,
544 1713 577 1765 2.
634 1689 692 1760 De
720 1688 889 1760 infinitivo
920 1690 966 1759 ab
994 1687 1070 1760 aliis
1095 1689 1214 1761 verbis
1241 1713 1314 1760 non
1340 1688 1527 1782 pendente
1554 1714 1617 1783 pp.
1652 1708 1807 1777 12-17.
1852 1699 1854 1704 '
1995 1655 1996 1674 .

529 1824 563 1916 a)
622 1821 681 1893 De
710 1820 880 1896 infinitivo
906 1822 1039 1894 iussum
1059 1824 1205 1918 aliquod
1233 1838 1270 1894 et
1295 1838 1459 1918 optatum
1487 1823 1709 1917 significante
1735 1847 1795 1917 pp.
1831 1805 2000 1913 η--ιιῑ,ἱ

527 1956 565 2044 b)
621 1955 680 2042 De
706 1955 874 2027 infinitivo
903 1956 1157 2029 adverbialiter
1183 1959 1304 2052 posito
1332 1983 1395 2052 pp.
1431 1978 1471 2046 15
1481 1967 1588 2028 -16.

529 2091 563 2182 c)
622 2088 680 2161 De
710 2090 878 2163 infinitivo
905 2093 939 2164 in
967 2093 1287 2164 exclamationibus
1315 2107 1490 2186 usurpato
1518 2117 1580 2185 pp.
1617 2097 1771 2183 16--17.

475 2232 506 2323 ξ.
538 2253 571 2320 3.
627 2227 686 2298 De
714 2227 882 2299 infinitivo
912 2227 958 2298 ab
987 2227 1063 2298 aliis
1089 2213 1426 2321 verbispendente
1453 2251 1513 2323 pp.
1548 2229 1706 2316 18—33.

529 2367 564 2456 a)
620 2362 679 2433 De
706 2361 877 2434 infinitivo
907 2363 1154 2457 epexegetico
1181 2387 1242 2456 pp.
1277 2363 1435 2433 18-20.
2013 2463 2014 2466 Ἴ

529 2498 553 2568 b
623 2495 682 2568 De
709 2495 876 2568 infinitivo
906 2514 992 2591 post
1018 2496 1215 2590 particulas
1243 2491 1292 2578 ὡς
1319 2510 1355 2566 et
1382 2491 1474 2566 olore
1497 2497 1619 2590 posito
1647 2521 1707 2590 pp.
1739 2519 1895 2569 20—22.

622 2630 680 2702 oe
707 2630 863 2702 infinitivi
889 2658 955 2703 usn
983 2632 1076 2703 finan
1103 2657 1163 2726 pp.
1196 2655 1239 2700 22
1266 2654 1356 2718 aa.
1401 2607 1402 2611 ‘
2019 2730 2020 2733 Ν

625 2765 783 2839 Ceterae
811 2766 967 2837 infinitivi
993 2767 1115 2838 variae
1143 2791 1184 2838 ac
1211 2763 1427 2859 multiplices
1456 2783 1652 2838 structurae
1681 2765 1868 2860 quomodo
1888 2767 2020 2838 sensim

626 2915 664 2971 et
690 2900 873 2996 gradatim
902 2918 1054 2972 exortae
1083 2902 1152 2972 sint
1176 2926 1235 2994 pp.
1268 2925 1428 2992 24—-31.

529 3036 564 3127 e)
622 3034 680 3105 De
708 3034 878 3105 infinitivo
907 3035 1106 3118 adiectiviS,
1144 3033 1334 3119 adverbiis
1372 3036 1605 3107 substantivis
1633 3036 1787 3106 notionis
1817 3033 2020 3130 explendae

626 3194 736 3240 causa
765 3168 892 3241 addito
922 3196 982 3264 pp.
1015 3193 1173 3260 31--33.
2029 3165 2030 3174 ἶ

476 3299 507 3404 ξ.
539 3327 571 3392 4.
627 3304 685 3376 De
714 3303 862 3376 articulo
892 3303 1063 3376 infinitivo
1093 3305 1235 3376 adiecto
1264 3331 1322 3400 pp.
1353 3329 1371 3396 3
1379 3308 1537 3396 3--38.·

265 3432 373 3535 Capul
401 3435 445 3513 ΙΙΙ.
502 3438 745 3510 Deinfinitivi
772 3440 870 3533 apud
897 3437 1124 3536 Aeschylum
1151 3441 1376 3532 temporibus
1397 3440 1518 3534 capita
1545 3438 1685 3510 selecta
1711 3464 1771 3534 pp.
1803 3442 1966 3530 39-48.
2034 3417 2036 3420 Α

475 3569 507 3674 ξ.
543 3598 570 3643 1.
618 3565 828 3665 'Quomodo
844 3575 976 3646 lactum
990 3575 1037 3645 sit
1060 3591 1098 3646 vt
1121 3591 1289 3668 tempora
1310 3574 1466 3646 infinitivi
1487 3573 1752 3670 distinguantur
1770 3599 1803 3668 p.
1832 3597 1888 3665 39.

475 3703 507 3808 ξ.
539 3733 570 3780 2.
628 3708 688 3780 De
715 3709 887 3780 infinitivo
916 3711 1021 3780 futuri
1047 3735 1108 3804 pp.
1139 3733 1301 3802 39--41.

476 3837 510 3942 ξ.
541 3866 572 3932 3.
628 3842 687 3913 De
715 3842 1062 3938 infinitivoperlecti
1091 3869 1151 3938 pp.
1182 3867 1344 3934 42--43.

475 3977 507 4069 ξ.
539 3998 573 4062 4.
629 3977 688 4048 De
726 3980 930 4072 praesentis
964 3995 1001 4051 et
1033 3978 1156 4049 aoristi
1192 3976 1366 4049 infinitivis
1403 4003 1497 4071 quae
1542 3978 1698 4048 maxime
1739 3992 1865 4048 notatu
1910 3946 2050 4070 digna³

624 4111 695 4183 sint
721 4137 781 4206 pp.
814 4115 977 4202 43—48.

474 4244 510 4338 a)
566 4245 612 4316 Hi
644 4247 803 4317 infinitivi
834 4272 907 4343 quo
942 4249 1034 4319 inter
1067 4273 1107 4319 se
1133 4233 1312 4319 *differant
1345 4248 1387 4318 iis
1427 4246 1627 4318 ostenditur
1668 4244 1765 4340 apud
1799 4242 2020 4337 Aeschylum

2056 4307 2058 4358 l

572 4381 759 4474 exemplis
790 4382 850 4452 ubi
875 4406 947 4478 uno
976 4383 1011 4453 in
1040 4381 1224 4452 enuntiato
1250 4381 1435 4452 'coniuncti
1462 4398 1544 4452 sunt
1572 4405 1634 4474 pp.
1664 4400 1825 4470 43—45.
2057 4359 2058 4376 ἵ

474 4515 513 4601 b)
570 4512 796 4611 Colliguntur
828 4518 907 4603 loci,
940 4517 973 4587 in
1009 4517 1138 4612 quibus
1174 4515 1300 4586 aoristi
1330 4514 1503 4585 infinitivo
1538 4539 1599 4585 res
1632 4513 1852 4607 praeteritae
1886 4510 2018 4605 signifi-

569 4666 674 4722 catae
703 4667 785 4721 sunt
812 4676 874 4745 pp.
905 4659 1067 4742 45-46.

475 4786 508 4876 c)
564 4783 704 4874 Quibus
731 4785 820 4855 locis
846 4783 1037 4856 infinitivus
1062 4783 1267 4878 praesentis
1297 4797 1333 4854 et
1361 4781 1548 4854 infinitivus
1573 4781 1695 4852 aoristi
1723 4805 1790 4876 pro
1818 4782 1922 4853 futuri
1948 4779 2017 4852 infi-

574 4921 682 4993 nitivo
709 4919 869 5012 usurpati
899 4919 970 4990 sint
996 4943 1057 5012 pp.
1091 4920 1254 5006 tto-248.
