4138 5758
1064 299 1146 366 .33

942 373 1314 380 ...ἡ-Ἥκ-ἡ-

329 497 498 593 Denique
526 523 597 569 non
627 496 779 568 absimili
807 498 919 569 modo
948 497 1058 568 etiam
1078 499 1303 570 substantiva
1327 523 1595 594 saepenumero
1617 499 1715 599 apud
1737 495 1939 573 Homerum
1966 501 2009 572 ill

164 634 585 724 infinitivosladsumunt.
629 632 740 728 Apud
762 632 986 726 Aeschylum
1006 658 1096 705 vcro
1117 659 1258 728 paucae
1284 633 1435 707 huiusce
1461 635 1557 707 modi
1578 650 1778 707 structurae
1800 636 2010 708 inveniuntu

328 773 427 842 Pers.
461 792 534 841 210
561 767 659 842 ταῦτ’
687 770 803 861 ἔμοιγε
831 766 1028 860 δείματ’
1055 767 1124 838 ἔστ’
1153 771 1249 854 ἰθεῐν,
1274 765 1358 861 ’ὑμῖν
1386 759 1569 841 ddaorietv.

328 907 399 1004 Ag.
436 914 531 977 1166
565 901 782 997 θαύματ’
815 906 890 996 ἐμοὶ
923 903 1052 974 κλτέιμ.
1114 903 1177 976 Sic
1216 904 1445 976 Hermannus
1486 931 1634 1002 quoque
1667 901 1827 1002 scrip'sit3
1866 908 1923 979 alii
1960 899 2021 990 sel¹

162 1061 313 1139 pturam
341 1040 515 1137 θραύματ’
544 1041 757 1135 praeferunt
784 1065 879 1135 quae
908 1039 1003 1110 inest
1030 1039 1063 1108 iu
1090 1041 1180 1110 Ven.
1210 1039 1306 1111 Flor.
1328 1039 1420 1112 Vict.
1452 1065 1634 1136 quamque
1664 1041 1830 1114 defendit
1858 1019 2021 1114 Wellaur'

162 1195 280 1274 atque
310 1179 434 1273 Enger
462 1177 496 1247 in
526 1175 726 1247 editionem
755 1174 906 1269 recepit,
945 1199 1163 1269 quamquam
1203 1176 1286 1270 quia
1315 1175 1482 1278 mirificus
1511 1175 1772 1276 inusitatusque
1797 1179 1847 1250 sit
1875 1204 2015 1280 numeru

165 1311 314 1409 pluralis
357 1313 624 1384 emendandum
663 1336 746 1382 esse
790 1324 920 1381 censet
959 1313 1102 1403 θραῦμα
1145 1308 1183 1380 θ’.
1239 1310 1344 1383 Haec
1387 1311 1454 1382 etsi
1497 1335 1609 1383 causa
1649 1313 1810 1384 novandi
1852 1339 1936 1384 esse
1971 1339 2016 1410 nq

164 1465 291 1545 potest
327 1449 387 1543 (cl.
423 1450 523 1520 Pers,
563 1451 649 1540 210)
686 1463 794 1519 acute
828 1462 951 1516 tamen
986 1461 1190 1542 arguteque
1234 1446 1448 1540 excogitata
1489 1462 1547 1518 est
1583 1435 1923 1543 mutatio'propter
1956 1475 2000 1520 an

161 1585 343 1678 strophae
374 1609 470 1679 quae
500 1583 660 1656 exoritur
688 1580 966 1675 responsionem
996 1605 1031 1676 in
1059 1607 1092 1650 v.
1128 1589 1222 1674 1176
1251 1585 1361 1675 τέρμα
1390 1579 1599 1674 θόἔμηχαμτο.
2016 1591 2018 1636 l

325 1748 474 1820 Tertius
503 1745 605 1819 locus
635 1761 758 1817 exstat
784 1745 883 1816 Pers.
918 1746 991 1831 284
1020 1735 1056 1813 ni
1090 1752 1256 1815 πλεῖστον
1295 1747 1397 1835 ἐ’χθος
1424 1743 1535 1839 ὄνομα
1561 1754 1760 1841 Σαλαμῖνος
1787 1748 1917 1834 κλύειν,
1946 1773 2017 1843 qua

165 1883 278 1954 verba
315 1883 365 1954 ita
399 1881 653 1980 coniungenda
691 1895 790 1951 sunt:
846 1875 959 1970 ὄνομα
992 1875 1073 1949 Σαλῤ
1117 1888 1283 1951 πλεῖστον
1319 1882 1420 1972 ἔχθος
1454 1882 1583 1954 κλύειν.
1643 1883 1881 1955 Abstracturn
1920 1901 2003 1956 aute

161 2017 266 2111 quod
294 2042 361 2088 nos
389 2018 540 2089 dicimus
569 2042 701 2089 nomen
728 2028 996 2111 pro-concreto
1026 2014 1278 2110 accipiendum
1308 2031 1375 2105 est,
1416 2033 1454 2089 ut
1480 2017 1579 2089 idem
1606 2021 1731 2090 valeat
1759 2019 1862 2115 quod
1891 2019 2021 2110 adiecti

159 2180 262 2224 vum:
295 2154 466 2243 ἔχθιστον.
523 2153 607 2244 Qua
634 2151 681 2222 de
709 2177 748 2222 re
778 2149 878 2247 quod
907 2147 1107 2220 Teuffelius
1135 2149 1182 2220 ad
1209 2150 1304 2222 hunc
1332 2150 1548 2224 versiculum
1577 2154 1765 2225 adnotavit
1784 2154 1970 2249 conferas.
2020 2149 2021 2152 ¹

691 2376 715 2469 ξ
737 2375 773 2445 4.
820 2373 878 2444 De
905 2371 1071 2444 articulo
1099 2371 1291 2443 infinitivo
1319 2372 1510 2445 adiuncto„

316 2611 524 2683 Infinitivum
556 2611 585 2682 si
625 2610 835 2682 conceditur
870 2609 980 2680 dativi
1011 2605 1069 2680 vel
1111 2605 1257 2680 locativi
1298 2607 1452 2680 sormam
1495 2637 1515 2680 a
1554 2611 1669 2681 verbo
1713 2609 1908 2684 deductam
1953 2640 2021 2684 ess<

156 2747 385 2842 perspicuum
423 2764 480 2818 est
515 2772 633 2841 neque
668 2745 875 2862 genetivum
910 2735 1030 2848 neque
1067 2743 1310 2814 accusativum
1345 2742 1480 2815 articuli
1513 2771 1591 2816 cum
1625 2743 1793 2817 infinitivo
1830 2749 2021 2822 consociar

155 2881 264 2954 licere
295 2910 336 2955 ac
365 2909 410 2954 ne
439 2881 598 2953 dativum
622 2881 779 2977 quidem,
801 2905 883 2952 cum
902 2877 1087 2975 plerisque
1107 2877 1270 2972 partibus
1292 2906 1313 2951 a
1334 2880 1548 2952 substantivi
1568 2897 1698 2953 natura
1717 2879 1812 2953 illum
1834 2884 2020 2963 abhorreri

155 3018 517 3091 dernonstaverimus.
574 3017 632 3088 Ac
668 3042 706 3089 re
740 3042 830 3088 vera
869 3032 969 3087 certo
1007 3030 1153 3090 constat
1192 3016 1297 3088 initiis
1339 3011 1484 3110 linguae
1514 3015 1689 3088 Graecae
1731 3014 1914 3089 articulum
1940 3032 2020 3094 aut·

159 3147 359 3226 infinitivum
385 3155 504 3225 locum
535 3154 684 3225 omnino
713 3179 785 3225 non
812 3153 984 3226 habuisse
1023 3154 1080 3249 (cs.
1118 3150 1206 3246 lolly
1240 3150 1259 3222 l.
1296 3148 1317 3222 l.
1353 3175 1386 3245 p.
1425 3155 1525 3242 234l.
1582 3151 1676 3222 Nam
1711 3177 1756 3222 ex
1788 3151 1938 3224 Homeri
1971 3180 2020 3224 usr

160 3287 197 3356 id
226 3292 321 3381 quod
349 3290 512 3360 volumus
539 3287 821 3368 luculentissime
863 3289 1016 3360 efficitur
1045 3304 1083 3359 et
1125 3287 1276 3381 cogitur,
1299 3285 1397 3380 apud
1417 3309 1524 3379 quem
1544 3286 1828 3358 vetustissimum
1855 3289 2020 3360 sermoni

158 3440 345 3496 auctorem
373 3425 551 3497 eiusmodi
577 3451 693 3521 genus
724 3425 869 3496 dicendi
899 3450 1076 3519 nusquam
1111 3422 1276 3506 occurrit,
1313 3420 1378 3492 nisi
1413 3419 1505 3492 sorte
1540 3447 1646 3493 unum
1681 3419 1799 3493 locum
1834 3448 2020 3518 urgeamur

159 3559 217 3650 qui
245 3568 369 3631 tamen
395 3577 496 3633 recte
526 3586 620 3633 nunc
650 3561 697 3634 ab
731 3562 895 3632 omnibus
925 3560 1008 3638 viris
1041 3559 1162 3630 doctis
1196 3555 1484 3652 comprehensus
1519 3574 1647 3628 contra
1678 3559 1762 3629 illud
1794 3576 2020 3655 praeceptun

161 3716 230 3762 non
256 3713 407 3793 pugnat.
439 3697 556 3768 .Sunt
589 3697 679 3768 enirn
713 3722 807 3791 quae
840 3695 1080 3768 offensionem
1114 3694 1252 3764 habent
1286 3693 1400 3764 verba
1434 3692 1529 3764 haec
1575 3718 1622 3764 ex
1658 3693 1730 3765 Od.
1766 3721 1800 3766 μ.
1845 3715 1909 3786 52:
1952 3695 2020 3767 dvr'r

156 3831 212 3896 καὶ
242 3829 281 3896 τὸ
303 3833 499 3922 φυλάσσειν
532 3829 952 3925 πάννυχονὲγρήοοοντα.
995 3830 1073 3902 Sed
1094 3829 1164 3900 iam
1192 3853 1302 3899 nemo
1331 3842 1387 3898 est
1406 3827 1489 3924 quin
1516 3830 1680 3900 voculam
1709 3826 1750 3898 τό
1785 3829 2020 3924 accipiendan

158 3987 246 4033 esse
292 3967 382 4037 sciat
420 3990 489 4062 pro
530 3967 746 4061 pronomine
784 3965 1082 4048 demonstrativo
1111 3989 1217 4059 quem
1259 3962 1396 4036 articuli
1437 3989 1539 4035 usum
1581 3962 1679 4058 apud
1717 3964 1919 4036 Homerum
1961 3982 2020 4037 tan

162 4095 391 4194 frequentem
433 4103 542 4175 fuisse
586 4118 746 4188 constat,
789 4120 828 4174 ut
871 4100 966 4173 multi
1007 4101 1226 4195 interpretes
1269 4098 1494 4193 superiorum
1534 4098 1693 4193 inprimis
1736 4115 1942 4194 temporum
1985 4103 2020 4173 al

166 4229 327 4304 Homero
357 4235 538 4310 articulum
569 4238 714 4309 omnino
752 4237 1037 4308 abiudicaverint
1072 4252 1110 4307 et
1147 4235 1206 4306 ubi
1240 4233 1439 4305 inveniatur
1473 4258 1674 4328 pronomen
1712 4234 2020 4332 demonstrativun

158 4366 313 4440 subesse
340 4373 552 4466 putaverint.
598 4373 833 4468 Quapropter·
859 4371 966 4467 plane
983 4369 1139 4445 eandem
1160 4368 1315 4444 illoloco
1332 4384 1546 4442 structuram
1565 4368 1682 4462 habes
1714 4395 1823 4464 quam
1856 4371 1928 4442 Od.
1961 4399 1982 4459 r,
2012 4401 2019 4464 g

156 4497 235 4592 ἦτοι
257 4509 324 4596 μὲν
350 4506 431 4578 crida
454 4507 561 4577 καλὸν
583 4507 757 4601 οἰκοοέμεμ
779 4512 875 4579 ἐστὶν
895 4506 1026 4580 ἀοιδοῦ.
1056 4506 1142 4580 lllud
1163 4534 1252 4580 vero
1279 4491 1359 4580 cum
1374 4507 1512 4578 unicum
1541 4503 1586 4575 sit
1615 4502 1819 4600 exemplum
1841 4506 1903 4606 ius
1928 4523 2014 4602 pote

154 4652 305 4734 stasque
350 4643 453 4713 nobis
491 4641 596 4728 datur
623 4644 870 4718 contendendi
899 4660 983 4716 ante
1013 4643 1214 4716 Homerum
1243 4643 1458 4746 ¹infinitivum
1489 4665 1569 4712 cum
1611 4639 1759 4710 articulo
1799 4641 2019 4713 coniuncturr

154 4774 316 4846 nondum
350 4776 471 4851 fuisse.

313 4942 522 5016 Posteriore
552 4960 674 5017 autem
705 4960 826 5017 aetate
857 4960 894 5015 ut
922 4944 1068 5015 omnino
1097 4942 1200 5016 latius
1234 4942 1391 5014 manavit
1425 4937 1562 5012 articuli
1598 4964 1683 5009 usus
1716 4939 1825 5008 etiam
1860 4937 2019 5010 infinitivr

151 5074 300 5172 adiungi
328 5097 484 5173 coeptus
514 5096 583 5156 est.
612 5095 650 5150 ut
672 5080 874 5151 infinitivum
896 5080 986 5150 acsi
1008 5079 1161 5174 quodvis
1181 5096 1282 5150 esset
1303 5077 1562 5150 substantivum
1582 5073 1806 5145 declinatum
1826 5075 2015 5148 videamus

1804 5224 1817 5277 5
