4138 5758
996 309 1037 371 34

79 504 191 598 Quod
222 503 365 600 quidem
398 529 517 600 genus
550 499 699 574 dicendi
743 501 912 574 conicere
934 499 1071 574 *licebit
1107 502 1310 598 profectum
1344 527 1430 575 esse
1472 502 1517 574 ab
1552 530 1598 578 ea
1633 501 1770 578 articuli
1806 503 1957 606 ratione,

78 661 186 734 quam
214 637 262 710 ad
283 639 482 732 Odysseae
510 635 627 710 locum
656 637 906 732 exposuimus3
933 633 1102 708 articulus
1131 637 1223 708 enim
1253 661 1333 710 cum
1361 639 1480 731 magis
1500 639 1690 734 magisque
1711 640 1782 711 vim
1804 639 1950 712 demon·

81 775 269 847 strativam
308 773 470 845 abiceret
502 787 554 844 et·
572 797 665 870 quas
699 786 833 867 postea
864 785 966 844 tenet
999 771 1098 842 vices
1135 772 1349 868 susciperet,
1385 771 1571 868 paullatim
1607 774 1715 846 etiam
1742 755 1836 846 'illud
1871 791 1956 848 ante

75 898 297 981 infinitivum
322 933 525 1004 pronomen
568 906 894 1012 demonstrativum
933 930 1000 1000 pro
1043 907 1193 978 articulo
1232 907 1347 1002 accipi
1391 923 1500 1004 atque
1539 908 1727 984 infinitivus
1767 924 1955 1004 tamquam

78 1042 343 1116 substantivum
360 1042 611 1114 indeclinabile
631 1041 808 1114 immutari
827 1041 971 1115 casibus
987 1038 1144 1115 solebat.
1176 1041 1260 1114 Hoc
1279 1058 1379 1114 certe
1400 1042 1525 1117 dicere
1545 1039 1631 1118 licet
1648 1060 1737 1138 post
1752 1045 1956 1116 Homerum

77 1196 151 1256 tam
178 1179 388 1272 frequenter
425 1176 520 1248 hanc
556 1191 772 1248 structuram
809 1176 973 1272 usurpari
1008 1191 1045 1248 ut
1078 1177 1353 1272 praeparationi
1384 1178 1518 1272 ubique
1555 1179 1741 1252 articulum
1778 1179 1958 1252 inservire

76 1297 222 1386 stultum
250 1329 352 1384 esset
381 1311 556 1385 arbitrari.
613 1311 757 1405 Quodsi
789 1311 848 1406 qui
879 1309 1055 1408 Aeschyli
1084 1337 1169 1390 usus
1196 1312 1243 1384 sit
1279 1312 1486 1407 quaerimus
1516 1313 1657 1386 circiter
1685 1313 1953 1410 quinquaginta

75 1446 165 1518 locis
193 1449 263 1519 hoc
292 1445 429 1520 articuli
455 1471 573 1548 genus
601 1447 819 1531 invenimus;
849 1447 997 1541 negatio
1026 1447 1061 1520 in
1088 1447 1212 1544 viginti
1242 1449 1352 1520 tribus
1380 1449 1545 1520 versibus
1575 1449 1720 1520 adiecta
1750 1464 1809 1518 est
1829 1474 1954 1544 eaque

75 1608 222 1677 semper
250 1582 320 1675 μή;
349 1577 465 1653 εο111111
492 1582 710 1673 vocabulum
742 1579 783 1666 οὐ
811 1607 987 1676 nusquam
1015 1583 1317 1665 occurrit'tribus
1347 1599 1472 1658 tamen
1499 1581 1587 1656 locis
1615 1584 1663 1678 μὴ
1691 1581 1744 1656 οὐ.

235 1718 384 1812 lamque
422 1743 502 1788 cum
540 1715 682 1816 singula
718 1717 891 1814 persequi
925 1716 1162 1812 adgredimur
1196 1718 1243 1789 ab
1285 1718 1325 1790 iis
1361 1718 1504 1790 casibus
1537 1719 1753 1792 ordiendum
1798 1719 1947 1804 videtur,

75 1854 135 1949 qui
162 1852 304 1924 minime
331 1878 447 1947 saepe
474 1876 496 1924 a
525 1869 641 1947 poeta
669 1852 830 1947 usurpati
858 1870 952 1936 sunt,
980 1878 1001 1925 a
1030 1852 1205 1946 genetivo
1232 1869 1270 1923 et
1298 1852 1424 1925 dativo
1454 1880 1551 1926 casu.

234 1986 456 2058 Genetivi
486 1986 581 2058 enirn
610 1988 682 2058 duo
709 2002 845 2060 tanturn
875 1985 1043 2083 exempla
1070 1987 1191 2060 afferri
1219 2003 1390 2083 possunt:

234 2122 289 2195 Pr.
303 2125 371 2194 681
398 2136 485 2217 post
499 2124 649 2194 verbum
669 2121 691 2194 α’
706 2151 732 2194 π
747 2151 766 2193 o
781 2147 802 2193 σ
817 2152 838 2193 τ
853 2151 869 2192 ε
885 2151 905 2218 ρ
920 2129 966 2193 ίσ
980 2152 1001 2193 κ
1017 2151 1047 2194 ο)
1061 2120 1215 2220 legitur:
1232 2121 1498 2219 ἀπροσδόκητος
1512 2121 1654 2195 όάότόν
1668 2121 1831 2213 α’φνίόιος
1841 2125 1951 2218 μόρος

74 2265 139 2328 τοῦ
167 2262 232 2350 ζῆν
266 2255 515 2352 ἀπεστέρησεν.

235 2391 306 2486 Ag.
344 2400 439 2484 1369
468 2418 490 2462 a
516 2417 609 2464 voce
638 2395 659 2462 ό
671 2399 686 2463 Ἰί
695 2421 717 2482 χ
731 2421 753 2463 α
778 2392 971 2488 genetivus
991 2394 1149 2486 pendet:
1176 2393 1217 2464 τό
1236 2393 1303 2488 γὰρ
1322 2393 1493 2483 τοπάζειν
1513 2401 1579 2464 τοῦ
1598 2391 1679 2484 σάφ)
1700 2397 1826 2465 εἰδέναι
1853 2397 1937 2484 δίχα.

231 2527 529 2622 Praepositiones
563 2544 685 2599 autem
720 2551 799 2599 cum
845 2528 1016 2620 genetivo
1053 2508 1210 2600 infinitivi
1237 2527 1355 2601 nullae
1384 2529 1526 2601 iunctae
1562 2545 1653 2601 sunt.
1710 2529 1802 2600 Nam
1830 2552 1937 2599 voca·

74 2660 160 2733 bulo
187 2661 289 2754 πλήν,
319 2639 420 2757 quod
448 2655 560 2734 tribus
589 2662 679 2734 locis
706 2643 874 2733 infinitivo
902 2663 1090 2735 antecedit
1117 2661 1287 2736 articulus
1317 2663 1461 2735 additus
1491 2689 1566 2735 non
1593 2681 1666 2735 est:

234 2797 351 2869 Prom.
382 2817 456 2888 519
484 2804 520 2868 τί
545 2797 611 2891 γὰρ
636 2799 820 2891 πέπρωται
850 2802 934 2890 Ζηνὶ
961 2797 1054 2890 πλὴν
1081 2795 1135 2870 ciel
1161 2815 1320 2893 κρατεῑν;
1420 2879 1431 2898 ,

233 2933 334 3004 Eum.
372 2911 413 3004 12
421 2954 439 3023 5
470 2939 507 3003 τί
531 2957 586 3004 σοι
613 2935 808 3028 πέπρακται
834 2939 977 3027 πρᾶγμα
1002 2932 1095 3025 πλὴν
1122 2933 1259 3024 τεύχειν
1286 2933 1375 3004 κακά
1383 2956 1391 3022 ;

232 3068 336 3140 Eum.
368 3086 440 3158 737
469 3067 510 3137 τὸ
537 3065 676 3162 όόἷρσεν
703 3071 793 3138 αἰνῶ
820 3067 938 3138 πάντα
965 3066 1058 3160 πλὴν
1083 3069 1197 3160 γάμου
1227 3083 1353 3158 τυχεῖν.

232 3203 312 3273 Nec
340 3203 454 3274 minus
486 3228 586 3273 rarus
614 3203 793 3274 dativus
820 3200 978 3274 infinitivi
1006 3202 1190 3276 invenitur.
1247 3203 1337 3275 Sunt
1364 3203 1457 3275 enim
1487 3203 1523 3274 hi
1551 3219 1724 3300 quattuor
1749 3201 1836 3285 loci;

231 3338 348 3409 Prom.
380 3339 448 3429 381
481 3356 568 3433 post
593 3338 911 3434 praepositionem
939 3339 1006 3408 ὲνῑ
1035 3340 1073 3408 ἐν
1099 3345 1153 3432 τῷ
1180 3341 1449 3432 προμηθεῖσθαι.

232 3471 304 3564 Ag.
336 3493 406 3562 252
435 3489 524 3568 post
551 3473 770 3545 adiectivum
797 3476 929 3556 ἰ’σοςῑ
958 3477 1036 3544 ἴσον
1062 3480 1116 3566 τῷ
1142 3477 1351 3567 προστένειν
1377 3469 1447 3573 (se.
1477 3472 1518 3544 τὸ
1546 3470 1734 3566 προκλόειν
1761 3470 1884 3572 ἐστίν).

232 3605 355 3700 Suppl.
386 3609 471 3690 802,
499 3608 559 3679 ubi
587 3607 728 3680 dativus
758 3608 818 3703 qui
848 3625 997 3680 vocatur
1034 3607 1314 3680 instrumentalis
1343 3623 1480 3680 exstat:
1520 3615 1574 3702 τιρ
1600 3607 1666 3700 γὰρ
1693 3611 1817 3678 θανεῖν
1845 3609 1947 3676 ἐλεο-

495 3744 669 3838 θεροόμαι
697 3743 923 3834 φιλοστόνων
949 3750 1078 3814 κακιόν.

230 3873 352 3968 Frgm.
386 3895 456 3966 257
494 3878 553 3948 ubi
586 3893 681 3973 quae
719 3878 960 3950 enuntationis
1002 3903 1250 3974 praegressae
1293 3903 1405 3952 causa
1448 3880 1494 3951 sit
1527 3879 1655 3950 dativo
1696 3876 1855 3949 additur:
1889 3883 1941 3966 τῷ

477 3995 583 4106 μήτε
616 4019 750 4109 χαίρειν
783 4013 874 4106 μήτε
899 4017 1087 4084 λυπεῖσθαι
1122 4015 1275 4103 obtende
1311 4014 1331 4085 i.
1366 4040 1395 4086 e.
1439 4015 1523 4108 quia
1564 4040 1630 4085 nec
1671 4011 1834 4108 gaudent
1870 4031 1935 4079 nec

490 4145 620 4218 dolore
650 4164 848 4241 gravantur
870 4149 1012 4222 mortui.

228 4280 451 4374 Saepissime
471 4295 590 4352 autem
612 4283 868 4354 subiectum
897 4280 1049 4354 articulo
1070 4282 1255 4366 indicatur,
1283 4283 1386 4378 quod
1414 4284 1543 4380 quibus
1563 4281 1656 4353 locis
1672 4283 1735 4353 fiat
1761 4282 1830 4353 iam
1858 4304 1943 4350 enu-

70 4415 305 4488 merabimus:

228 4549 357 4643 βαρύ
385 4549 457 4645 Ag.
475 4555 550 4640 466
566 4551 608 4622 τό
622 4548 861 4647 όὺπερκόποις
887 4554 1008 4625 κλύειν
1035 4546 1074 4625 εὖ
1101 4553 1216 4648 βαρύΓ
1299 4552 1551 4648 ἀκόρεστον
1572 4553 1653 4642 ’έφν
1668 4550 1742 4646 Ag.
1767 4573 1872 4642 1331.
1890 4595 1944 4604 —-

70 4685 229 4757 καλόν
265 4686 486 4780 Ag.<1610.
522 4733 573 4742 -
607 4686 764 4777 ἀξίαν
795 4689 981 4784 τριβὴν
1017 4691 1124 4780 έχει
1157 4688 1214 4760 Pr.
1258 4693 1331 4780 637
1365 4689 1386 4759 i.
1421 4713 1451 4758 c.
1486 4687 1635 4784 dignum
1671 4700 1729 4758 est
1764 4683 1862 4782 quod
1893 4687 1944 4756 ad

71 4822 372 4896 commorandum
408 4823 574 4895 homines
608 4840 852 4895 commoveat.
881 4868 930 4878 —
968 4828 1160 4919 πρέπει
1199 4822 1272 4918 Ag.
1314 4846 1401 4913 941.
1431 4867 1481 4876 --
1524 4826 1808 4917 νομίζεται
1846 4819 1942 4894 Cho.

70 4979 158 5048 423.
189 5001 236 5010 -—
266 4973 453 5052 κρατεῖ
478 4959 550 5052 Ag.
586 4952 693 5050 1364.
720 5003 770 5011 —-
808 4959 930 5043 θεός
961 4986 1015 5030 τε
1047 4961 1282 5030 actaeon
1312 4961 1472 5029 πλέον
1505 4959 1598 5032 Cho.
1632 4981 1689 5050 59.
1722 5001 1769 5010 -
1801 4952 1943 5048 ἀκμή

68 5090 142 5189 Ag.
186 5113 292 5185 1353.
328 5139 379 5148 -
417 5096 531 5183 όίχα
567 5093 748 5186 Ρ1.·927.
787 5093 859 5188 Ag.
905 5099 1015 5186 1369.
1050 5136 1102 5148 -
1135 5111 1390 5190 κρεῑσσον
1423 5093 1479 5169 Pr.
1519 5100 1606 5184 624.
1639 5093 1742 5188 srgm.
1773 5110 1859 5182 395.
1911 5087 1916 5187 l
