4138 5758
1143 293 1178 339 11

226 495 384 590 denique
416 494 521 589 quod
549 487 738 563 infinitivus
765 512 838 558 non
872 511 951 560 cum
987 489 1161 583 genetivo
1196 488 1360 583 iungitur,
1401 490 1470 560 sed
1503 514 1582 560 cum
1618 489 1658 560 iis
1686 490 1841 573 casibus
1870 491 1930 585 qui
1955 518 1995 562 ve

226 631 361 702 finitum
389 641 599 724 sequantur.
1012 611 1014 615 ⁸

354 823 357 829 .
388 763 482 835 Hinc
511 757 677 832 concludi
704 773 849 855 potest.
868 757 1073 852 quicunque
1103 756 1261 831 infinitivi
1297 783 1400 830 usum
1431 739 1562 831 viaet
1594 759 1736 832 ratione
1770 759 1995 855 descripturu

226 900 261 972 ei
294 895 597 994 proficiscendum
630 918 716 966 esse
753 892 799 964 ab
833 888 891 964 illa
924 891 1086 965 infinitivi
1119 893 1259 988 origine
1281 909 1320 964 et
1352 893 1386 964 vi
1419 893 1619 988 principali.
1680 895 1806 989 ltaque
1840 895 1880 965 L.
1908 895 1995 988 Nley

223 1031 318 1106 libro
355 1031 403 1105 de
436 1029 634 1102 Homerico
668 1027 835 1098 infinitivo
870 1027 1025 1121 scripto,
1060 1028 1122 1123 qui
1153 1027 1312 1123 inprimis
1346 1027 1454 1099 laude
1488 1027 1619 1124 dignus
1657 1045 1715 1101 est
1743 1028 1801 1112 (cf.
1836 1025 1925 1122 lolly
1962 1031 1983 1101 l.

229 1172 303 1261 71),
340 1181 451 1238 totam
483 1162 644 1236 infinitivi
676 1161 839 1234 sxntaxin
879 1186 899 1233 e
938 1177 1066 1234 natura
1107 1188 1213 1235 casus
1248 1162 1357 1235 dativi
1389 1160 1563 1257 explicat,
1616 1187 1690 1259 quo
1721 1188 1780 1235 res
1812 1164 1995 1258 longinqm

229 1301 369 1374 futurae
397 1299 643 1396 exprimantur
668 1296 828 1390 itemque
856 1296 945 1384 finis,
974 1322 1084 1392 quem
1113 1297 1192 1391 quis
1220 1297 1288 1369 sibi
1314 1298 1562 1394 proposuerit.
1622 1296 1694 1390 Qui
1724 1297 1778 1370 vir
1818 1299 1949 1370 doctus
1979 1324 1995 1392 c

227 1461 336 1531 quam
379 1460 510 1508 omnes
554 1448 681 1504 censet
719 1429 910 1502 infinitivus
951 1430 1061 1503 dativi
1102 1457 1187 1505 esse
1216 1432 1352 1504 formas
1382 1448 1508 1506 tamen
1539 1449 1642 1505 recte
1671 1457 1766 1528 quae.
1795 1433 1841 1505 sit
1867 1433 1995 1529 genuin

223 1571 411 1665 exposuit.
469 1568 612 1640 Etenim
637 1565 792 1637 locativo
819 1565 916 1637 idem
940 1567 1121 1638 declarari
1146 1583 1281 1662 potest,
1318 1567 1420 1664 quod
1447 1568 1483 1640 in
1510 1567 1634 1640 dativo
1661 1567 1784 1639 inesse
1812 1568 1861 1640 ait
1889 1567 1928 1637 L.
1959 1567 1995 1638 M

219 1703 281 1776 De
311 1729 390 1798 qua
416 1701 639 1776 similitudine
666 1716 818 1795 praeter
845 1701 957 1774 Curtii
984 1702 1109 1786 verba,
1145 1726 1241 1797 quae
1277 1727 1388 1798 supra
1426 1710 1472 1798 (p.
1506 1701 1569 1801 ro)
1597 1703 1631 1774 in
1660 1701 1817 1774 medium
1844 1704 1989 1797 prolata

221 1837 355 1912 videas
396 1862 490 1934 quae
531 1835 678 1907 disserit
716 1831 805 1930 lolly
830 1838 852 1908 l.
882 1837 904 1908 l.
933 1861 968 1930 p.
1004 1858 1092 1928 131:
1133 1862 1239 1909 »vom
1267 1836 1427 1908 Locativ
1453 1838 1587 1931 gehort
1625 1836 1769 1909 hierher
1796 1861 1862 1908 vor
1889 1834 1995 1908 Allen

224 1974 545 2066 Zielbedeutung.‹
579 1969 759 2042 Omnibus
786 1986 909 2042 autem
936 1971 1090 2043 infinitivi
1122 1972 1307 2043 Homerici
1342 1972 1527 2044 structuris
1564 1997 1610 2044 ex
1637 1968 1695 2043 illo
1731 1971 1904 2066 principio
1932 1971 1995 2043 de<

225 2110 266 2182 L.
295 2109 426 2203 Meyer
453 2131 580 2179 eorum
608 2129 704 2199 quae
732 2105 893 2176 ostendit
910 2104 1006 2177 hanc
1026 2106 1110 2177 facit
1136 2132 1326 2179 summam:
1356 2105 1455 2203 apud
1476 2106 1678 2177 Homernm
1705 2106 1910 2178 infinitivum
1939 2131 1996 2176 nor

222 2269 288 2316 eas
316 2259 440 2337 partes
468 2257 607 2322 tenere,
623 2245 726 2335 'quas
756 2255 879 2311 aetate
907 2240 1149 2335 provectiore,
1183 2243 1321 2337 quippe
1356 2266 1428 2336 qua
1455 2239 1639 2338 generalis
1666 2241 1768 2313 verbi
1794 2241 1984 2313 sententia

222 2378 371 2449 notione
401 2376 574 2448 adiuncta
602 2399 647 2447 eo
676 2398 856 2469 expressa
883 2375 929 2446 sit
956 2375 1014 2471 (cl.
1044 2375 1190 2470 Krtiger
1222 2371 1244 2478 ξ
1277 2381 1324 2446 26
1353 2374 1401 2449 A.
1434 2377 1507 2470 7⁴):
1543 2376 1643 2448 »Der
1669 2375 1828 2462 Infinitiv,
1862 2377 1935 2447 den
1964 2401 1995 2447 rc

219 2511 553 2606 beziebungslosen
581 2508 722 2605 Begrirl
744 2508 813 2580 des
840 2510 1020 2581 Verbums
1036 2510 1307 2606 enthaltend‹);
1335 2512 1403 2583 sed
1435 2511 1589 2584 Homeri
1620 2511 1846 2606 temporibus
1877 2507 1989 2583 multo

223 2647 354 2719 tiorem
391 2669 545 2740 eamque
579 2643 733 2716 futuram
767 2643 802 2715 in
835 2644 1004 2716 infinitivo
1037 2645 1159 2718 inesse
1193 2646 1283 2732 vim,
1326 2671 1421 2741 quae
1451 2644 1596 2742 quidem
1624 2671 1645 2719 e
1673 2662 1802 2718 natura
1829 2671 1936 2717 casus
1964 2672 1995 2717 e:

221 2783 276 2854 sit.
332 2779 380 2853 Et
416 2779 570 2853 maxime
603 2804 698 2875 quae
735 2779 814 2874 quis
846 2778 933 2852 velit
969 2796 1006 2851 et
1036 2805 1131 2875 quae
1158 2781 1235 2854 fieri
1265 2781 1408 2876 possint
1425 2781 1592 2853 infinitivo
1612 2781 1813 2877 significari.
1878 2780 1995 2875 Deniq

222 2941 331 2988 casus
358 2931 486 2986 natura
512 2914 587 2988 hoc
614 2938 764 3009 quoque
793 2913 895 2999 effici,
931 2939 1112 3010 nunquam
1147 2914 1353 2987 infinitivum
1388 2915 1539 2988 subiecti
1569 2913 1653 2988 loco
1685 2917 1781 3013 poni,
1811 2916 1994 3011 quade<

219 3046 422 3136 articulum,
449 3049 548 3120 cuius
575 3025 781 3144 posteriore
807 3064 978 3144 tempore
1005 3050 1102 3145 apud
1129 3049 1334 3122 infinitivum
1360 3075 1446 3122 usus
1474 3047 1646 3146 latissime
1674 3067 1812 3146 pateat,
1840 3051 1937 3146 apud
1959 3051 1992 3122 H

223 3210 297 3256 rum
321 3183 530 3280 appositum
556 3208 740 3278 nunquam
770 3207 867 3256 esse.

381 3318 495 3411 Quod
535 3343 755 3413 quamquam
797 3318 1013 3412 quaestione
1055 3321 1282 3415 procedente
1324 3318 1481 3394 elucebit
1519 3322 1554 3393 in
1595 3317 1767 3415 Aeschyli
1809 3318 1937 3392 fabulis
1979 3347 1994 3390 t

221 3468 389 3525 veterum
420 3453 617 3525 formarum
648 3450 769 3524 locum
802 3453 1029 3526 recentiores
1069 3455 1285 3527 substitutae
1319 3454 1397 3539 sint,
1432 3456 1482 3528 ita
1517 3456 1625 3528 etiam
1653 3455 1820 3550 syntaxin
1846 3452 1955 3526 valde
1983 3480 1993 3525 r

221 3605 295 3661 tam
338 3613 435 3674 esse,
476 3602 600 3659 tamen
641 3588 750 3661 etiam
789 3589 896 3663 nobis
939 3589 1154 3661 ordiendum
1198 3615 1282 3662 esse
1322 3615 1514 3668 censemus
1555 3590 1601 3660 ab
1629 3589 1669 3661 iis
1696 3590 1879 3662 structuris
1906 3591 1938 3661 in
1969 3615 1993 3685 q

223 3722 368 3814 pristina
396 3723 449 3795 vis
475 3723 631 3795 maxime
660 3721 812 3797 eluceat.
869 3725 964 3797 Hinc
992 3726 1085 3798 enirn
1115 3725 1304 3821 progressi
1341 3751 1413 3821 qua
1441 3724 1581 3798 ratione
1618 3752 1703 3798 usus
1738 3721 1870 3798 sensim
1898 3741 1935 3797 et
1962 3750 1993 3820 gl

223 3855 283 3926 tim
309 3874 434 3930 auctus
463 3858 509 3931 sit
536 3875 649 3952 atque
678 3831 916 3955 amplificatus
942 3861 1059 3958 magis
1086 3859 1300 3933 videbimus.

379 3991 505 4088 ltaque
531 3993 684 4088 primum
713 3995 759 4066 de
787 4019 834 4067 eo
860 3995 1017 4067 infinitivi
1048 4020 1190 4090 genere
1218 4020 1381 4090 agemus,
1415 3995 1451 4066 in
1482 4019 1555 4090 quo
1591 3991 1759 4066 facillime
1775 4020 1883 4090 quam
1910 3995 1991 4067 siti

219 4125 311 4197 tivus
339 4149 421 4197 cum
447 4128 658 4201 substantivi
685 4154 772 4200 casu
801 4145 982 4225 cognatus
1009 4130 1243 4224 cognoscitur
1269 4130 1442 4224 quodque
1459 4130 1508 4201 ad
1533 4129 1775 4200 vetustissima
1801 4144 1970 4224 tempora

221 4261 370 4332 rendum
398 4276 464 4333 est.
495 4263 552 4358 (cl.
579 4259 669 4356 Iolly
698 4260 717 4334 l.
746 4266 768 4336 l.
798 4290 833 4359 p.
865 4265 966 4355 215).

341 4549 366 4632 4)
412 4549 451 4613 K.
478 4549 529 4615 W.
552 4552 688 4634 Kriigen
714 4551 922 4616 Griechische
944 4552 1157 4636 Sprachlehre
1179 4553 1229 4616 sur
1252 4554 1401 4620 Sebulen.
1425 4554 1475 4619 ed.
1501 4554 1540 4616 V.
1572 4556 1662 4633 1875.
