4138 5758
1004 305 1044 367 16

86 522 175 593 tatio
205 519 370 615 quadret.
426 517 502 590 Sed
529 515 642 590 libros
668 540 839 589 sermone
867 515 1014 588 Graeco
1042 514 1271 608 compositos
1304 537 1430 587 omnes
1462 511 1599 597 evolve,
1634 540 1810 610 nusquam
1838 513 1958 587 solum

89 661 204 748 λέγειν
228 652 322 727 illum
349 654 384 726 in
403 655 551 725 modum
579 651 778 723 adhibitum
804 650 970 746 reperies
996 674 1116 744 neque
1145 649 1213 720 alia
1243 649 1356 721 verba
1382 647 1486 745 leges
1515 649 1579 722 nisi
1607 649 1741 744 φράσαι
1768 666 1805 722 et
1831 652 1958 720 εἰπεῖν.

90 789 215 886 Atque
242 815 288 862 ne
314 791 405 861 haec
435 786 582 882 quidem
610 803 826 881 usurpantur
852 785 917 856 nisi
944 782 1118 879 apposita
1144 801 1205 855 aut
1231 784 1405 878 particula
1432 779 1483 866 ὡς
1510 799 1571 855 aut
1598 784 1786 856 adverbio.
1830 783 1957 874 Quare

91 940 217 1020 spreta
243 925 300 996 illa
326 919 587 1018 interpretandi
615 920 753 992 ratione
784 920 853 991 alia
885 919 943 990 via
973 918 1129 990 ineunda
1162 918 1238 1001 erit,
1275 942 1383 1012 quam
1409 917 1457 989 ab
1484 915 1632 1014 Engero
1660 943 1808 1014 quoque
1834 918 1960 990 initam

90 1058 266 1142 videmus,
294 1058 355 1152 qui
390 1056 598 1129 infinitivum
626 1054 674 1126 ad
699 1078 830 1126 vocem
856 1047 963 1124 aldor>
994 1050 1227 1125 referendum
1262 1075 1348 1124 esse
1372 1051 1410 1122 in
1435 1051 1671 1124 adnotatione
1698 1068 1835 1126 monet.
1892 1052 1962 1122 Est

93 1207 212 1265 autem
238 1207 440 1287 propterea
467 1190 622 1278 additus,
650 1204 689 1259 ut
713 1187 811 1260 notio
838 1184 896 1258 illa
928 1185 977 1260 ad
1016 1213 1144 1260 sensus
1176 1187 1324 1282 propius
1358 1185 1569 1270 adducatur,
1598 1212 1708 1282 quam
1736 1186 1835 1258 nudo
1864 1210 1960 1258 com-

90 1327 256 1422 parativo
282 1325 395 1398 fieret.
451 1321 553 1396 Multi
588 1339 781 1395 occurrunt
815 1322 891 1394 eius
918 1323 1064 1416 generis
1091 1321 1261 1405 infinitivi,
1294 1346 1386 1416 quos
1412 1321 1446 1393 in
1477 1338 1644 1394 extremo
1677 1323 1797 1417 capite
1839 1319 1959 1392 altero

93 1485 218 1532 omnes
246 1484 294 1531 ex
319 1455 491 1552 Aeschyli
519 1456 648 1530 fabulis
675 1455 851 1529 collectos
878 1454 1227 1551 paulloaccuratius
1254 1455 1546 1528 examinabimus.

320 1593 454 1684 che
501 1591 779 1664 infinitivo
828 1591 875 1662 in
920 1589 1426 1663 exclamationibus
1470 1608 1747 1687 usurpato

251 1727 414 1799 Tertium
440 1727 599 1821 denique
616 1743 674 1798 est
693 1750 810 1820 genus
838 1725 996 1797 infinitivi
1023 1723 1189 1812 absoluti,
1212 1726 1272 1821 qui
1298 1725 1334 1796 in
1360 1719 1681 1798 exclamationibus
1702 1739 1822 1798 exstat
1847 1724 1951 1796 homi-

94 1888 178 1934 num
208 1858 316 1932 valde
343 1861 589 1940 excitatorum.
645 1860 763 1953 Quam
804 1860 950 1956 quidem
985 1861 1294 1932 constructionem
1335 1859 1608 1933 concedendum
1646 1861 1721 1944 erit,
1749 1883 1829 1932 cum
1863 1864 1961 1954 apud

95 1997 294 2068 Homerum
332 1995 491 2066 nondum
531 1979 741 2090 reperiatur,
779 2020 825 2066 ex
865 2009 993 2067 natura
1032 1994 1144 2067 dativi
1187 2011 1225 2066 et
1250 1993 1394 2067 locativi
1421 2019 1530 2068 casus
1556 1993 1715 2092 intellegi
1741 2019 1811 2067 non
1837 2019 1958 2089 posse,

94 2129 163 2203 sed
196 2156 241 2202 ex
280 2129 483 2201 recentiore
516 2153 625 2224 quam
658 2144 768 2201 antea
801 2128 1057 2224 descripsimus
1096 2129 1253 2202 infinitivi
1287 2131 1321 2200 vi
1353 2148 1518 2202 exortam
1550 2154 1646 2203 esse.
1708 2130 1741 2202 ls
1773 2129 1865 2202 enim
1899 2131 1960 2224 qui

95 2265 251 2360 loquitur
280 2262 362 2337 nihil
395 2261 502 2337 aliud
524 2263 648 2336 studet
679 2264 746 2335 nisi
777 2279 816 2336 ut
850 2289 946 2360 quae
982 2265 1018 2336 in
1051 2265 1166 2336 verbo
1200 2264 1282 2338 insit
1312 2265 1413 2336 notio
1449 2290 1531 2338 eam
1558 2265 1592 2337 in
1619 2265 1743 2338 medio
1769 2281 1958 2360 proponat.

95 2400 193 2494 Quid
219 2399 299 2495 ipse
330 2397 378 2470 de
413 2424 452 2470 re
487 2423 582 2493 quae
612 2413 742 2493 agatur
783 2399 923 2497 cogitet
957 2398 1091 2494 quidve
1123 2401 1246 2494 cupiat
1276 2401 1396 2473 verbis
1427 2400 1515 2496 ipsis
1552 2425 1627 2472 non
1654 2399 1864 2483 declaratur,
1891 2404 1956 2472 sed

98 2561 144 2606 ex
170 2533 430 2606 sententiarum
461 2557 602 2604 conexu
637 2531 889 2604 coniciendum
924 2549 992 2607 est.
1048 2534 1212 2629 ltemque
1248 2535 1289 2607 iis
1316 2536 1377 2631 qui
1409 2537 1557 2608 audiunt
1592 2534 1742 2608 hberum
1770 2536 1854 2632 quid
1879 2559 1954 2607 sen-

96 2669 166 2742 tire
194 2665 304 2741 velint
332 2668 439 2740 datur
465 2667 661 2740 arbitrium.

264 2829 410 2923 Quodsi
436 2828 613 2925 Aeschyli
639 2830 852 2928 tragoedias
877 2829 1113 2926 perlustrabis
1149 2830 1222 2903 duo
1244 2831 1406 2904 invenies
1433 2831 1609 2926 exempla,
1643 2856 1795 2928 quorum
1825 2833 1962 2905 notissi-

101 2990 197 3037 mum
232 2980 291 3037 est
321 2965 356 3036 in
386 2964 489 3037 Eum.
524 2990 558 3037 v.
594 2967 666 3056 837
703 2991 767 3060 sq,
799 2965 859 3036 ubi
895 2965 1079 3038 Furiarum
1117 2966 1249 3038 chorus
1282 2967 1469 3039 Minervae
1505 2967 1698 3062 proposito
1730 2968 1963 3040 acerbissime

102 3101 213 3172 iratus
240 3099 310 3172 hos
339 3097 491 3170 effundit
516 3115 687 3192 questus:
741 3161 744 3171 .
1166 3075 1169 3081 .

254 3265 313 3353 ἐμὲ
337 3265 466 3334 παθεῖν
494 3261 589 3348 τάδε,
619 3269 706 3353 φεῦ,
730 3261 735 3362 l
760 3265 818 3355 ἐμὲ
844 3262 1089 3358 παλαιόφρονα
1114 3264 1203 3335 κατά
1230 3292 1269 3335 τε
1294 3271 1358 3357 γᾶς
1386 3267 1494 3336 οἰκεῖν
1518 3261 1522 3362 l
1548 3261 1697 3338 ἀτίετον·
1723 3267 1727 3362 Ι
1751 3268 1818 3354 φεῦ
1843 3269 1964 3354 μῦσος.

100 3397 259 3469 Possunt
285 3422 374 3468 sane
401 3395 435 3466 hi
464 3396 620 3469 infinitivi
652 3388 777 3470 referri
808 3397 856 3469 ad
889 3400 1005 3471 verba
1036 3396 1178 3471 ἀτίετον
1206 3407 1326 3494 μῦσος.
1381 3400 1475 3472 Nam
1506 3400 1541 3473 in
1574 3398 1649 3473 aliis
1682 3421 1829 3494 quoque
1867 3422 1960 3492 quae

97 3533 230 3606 chorus
256 3531 497 3604 vehementer
524 3547 727 3604 commotus
753 3531 939 3604 Minervae
967 3536 1176 3628 respondet,
1207 3535 1360 3630 simplex
1392 3537 1612 3608 enuntiatum
1642 3533 1831 3628 reperitur,
1864 3548 1902 3602 ut
1927 3557 1957 3603 V.

105 3672 188 3760 778,
216 3671 309 3739 808..
358 3666 440 3738 Nec
467 3666 766 3757 pmiinteriectio
803 3691 849 3738 ne
880 3666 931 3739 ita
962 3652 1080 3740 locum
1111 3669 1382 3764 perciperemus
1417 3671 1680 3765 impedimento
1714 3683 1825 3750 esset,
1852 3691 1957 3760 quum

100 3805 313 3899 plerumque
340 3798 485 3897 quidem
512 3797 729 3874 exclamatio
756 3797 815 3873 vel
849 3800 1089 3898 interrogatio
1131 3825 1211 3874 cum
1243 3802 1312 3877 hac
1344 3828 1442 3876 voce
1479 3805 1526 3875 ab
1552 3801 1744 3897 Aeschylo
1772 3800 1956 3872 consocie-

99 3955 165 4022 tur,
200 3938 297 4008 velut
330 3935 404 4030 Ag.
443 3938 539 4025 1448
571 3941 649 4025 φεῦ,
679 3941 733 4020 τίς
765 3931 811 4005 ἄν
843 3943 906 4005 κτλ
941 3979 988 3989 -
1019 3935 1122 4030 Sept.
1157 3959 1251 4029 1053
1290 3947 1359 4029 φεῦ
1385 3945 1463 4028 φεῦ,
1491 3931 1521 4009 ὦ
1546 3939 1758 4032 μεγάλαυχοι
1782 3941 1863 4020 κτλ;
1890 3933 1949 4005 sed

100 4073 177 4146 aliis
210 4070 300 4143 locis
339 4069 559 4164 tranquillior
585 4085 623 4141 et
655 4067 796 4164 planior
825 4070 943 4143 oratio
975 4087 1159 4167 sequatur,
1191 4089 1230 4144 ut
1261 4071 1360 4144 Pers.
1397 4092 1470 4164 739
1497 4079 1575 4162 φεῦ,
1602 4089 1722 4164 ταχεῖα
1747 4061 1864 4163 γ’ἦλθε
1887 4066 1952 4136 nrt.

100 4207 263 4279 Verbum
288 4230 378 4277 vero
408 4203 669 4276 substantivum
703 4228 851 4300 semper
886 4205 963 4278 fere
1002 4206 1186 4290 omittitur,
1219 4206 1280 4278 ubi
1314 4206 1501 4279 infinitivus
1538 4221 1723 4300 tamquam
1757 4207 1956 4278 subiectum

99 4343 239 4444 pendet
264 4341 312 4413 ab
339 4339 522 4435 enuntiato
563 4339 664 4435 quod
690 4338 874 4412 adiectivo
902 4337 962 4412 vel
993 4339 1222 4413 substantivo
1255 4357 1294 4413 et
1328 4340 1418 4413 εἶναι
1442 4342 1558 4414 verbo
1599 4339 1814 4424 continetur,
1839 4355 1879 4410 ut
1904 4336 1958 4408 Pr.

103 4481 177 4570 978
205 4473 338 4569 νοσοῖμ’
366 4471 411 4546 clv
439 4477 470 4545 εἰ
493 4473 630 4567 νόσημα
654 4472 740 4558 τοὺς
765 4474 912 4569 ἐχθροὺς
942 4489 1095 4568 στυγεῖν.
1131 4517 1183 4528 -
1214 4474 1340 4571 Suppl.
1377 4496 1450 4567 995
1487 4474 1528 4546 τὸ
1553 4470 1695 4545 retuso
1728 4471 1873 4557 εὐπετὲς
1893 4469 1958 4562 μύ-

101 4612 215 4706 σαγμά
241 4637 327 4696 πως.
381 4607 474 4681 Nihil
499 4607 607 4703 igitur
632 4607 806 4692 obstaret,
834 4607 1025 4702 quominus
1051 4607 1101 4680 ita
1125 4609 1161 4680 in
1175 4633 1383 4682 sermonem
1402 4609 1567 4681 Latinum
1592 4605 1671 4680 illos
1689 4631 1818 4678 versus
1843 4621 1954 4676 trans-

102 4748 295 4820 ferremus:
326 4743 417 4816 »hoc
443 4768 501 4815 me
526 4741 677 4838 perpeti,
703 4767 783 4826 vae,
810 4743 877 4814 sub
903 4743 1009 4814 terris
1043 4767 1102 4815 me
1129 4742 1294 4816 habitare
1322 4744 1488 4817 dedecus
1524 4758 1582 4816 est
1609 4759 1649 4816 et
1675 4739 1795 4815 scelus
1822 4738 1955 4812 abomi-

103 4883 289 4956 nandum.‹
354 4879 530 4951 Attamen
562 4893 687 4950 nostro
717 4873 803 4948 loco
837 4876 1070 4948 difficiliorem
1103 4895 1214 4974 atque
1245 4879 1505 4951 inusitatiorem
1541 4876 1746 4976 explicandi
1778 4874 1953 4948 rationem

103 5018 258 5091 arbitror
283 5014 576 5109 amplectendam
602 5037 697 5095 esse,
726 5028 764 5082 ut
789 5009 872 5082 huic
904 5010 971 5082 toti
1005 5012 1136 5083 cantici
1170 5013 1262 5108 parti
1289 5013 1405 5084 maior
1428 5013 1510 5085 insit
1536 5028 1749 5086 concentus.
1805 5008 1955 5080 Videtur

104 5170 229 5242 autem
266 5147 478 5222 exclamatio
517 5145 792 5219 accomodatior
830 5169 915 5218 esse
962 5160 1001 5218 et
1039 5144 1186 5217 omnino
1219 5171 1375 5244 magnae
1416 5149 1603 5221 Furiarum
1648 5146 1724 5218 irae
1757 5159 1796 5216 et
1833 5141 1953 5216 verbis
