4138 5758
1144 309 1184 370 43

984 385 1303 392 --...-..—.---—--—-
1308 380 1355 390 -a-

230 525 332 581 recte
362 507 482 580 Erock
510 534 546 602 p.
579 517 630 598 94'
655 503 873 578 vocabulum
900 505 1156 602 interpretatus
1187 523 1253 580 est.

262 637 263 640 ¹
386 645 787 730 βεβουλεῦσθαι
819 641 921 736 frgm.
954 645 1035 732 258.
1065 659 1187 713 mente
1216 665 1437 737 perpensum
1466 653 1560 723 esse',
1596 654 1634 710 ut
1668 663 1761 710 nunc
1796 654 1869 710 stet
1902 613 2028 711 senten

306 873 307 878 ἵ
388 779 640 872 ἱδρῦσθαι
666 773 764 848 Pers.
799 799 816 846 2
824 801 864 868 31
899 783 970 848 ποῦ
998 775 1062 860 τὰς
1081 773 1227 868 Ἀθήνας
1254 779 1361 866 φασὶν
1391 777 1554 869 ἱδρῦσθαι
1585 769 1734 864 χθσ.νός;
1777 773 1873 845 Nihil
1906 774 2028 845 dicent

233 930 314 986 erat
341 913 388 984 de
417 887 613 984 condenda
640 907 697 986 vel
725 911 874 982 condita
901 911 1099 994 urbesed
1126 910 1173 982 de
1200 910 1384 1005 praesenti
1411 910 1491 980 eius
1524 909 1605 992 situ;
1639 907 1698 980 ubi
1724 925 1899 982 terrarum
1928 907 2024 980 Athe

235 1047 417 1145 (conditas
445 1036 563 1138 starei
585 1045 687 1128 sitas,
705 1069 788 1116 esse
817 1044 956 1116 dicunt?
1872 1143 1873 1150 ἵ

390 1181 612 1272 τετάσθαι
640 1179 729 1251 Cho.
753 1181 1049 1274 366..sepultum
1077 1205 1161 1251 esse
1191 1193 1227 1252 et
1260 1201 1353 1250 nunc
1387 1178 1419 1248 in
1455 1175 1622 1272 sepulcro
1652 1177 1782 1250 iacere.
1821 1177 1917 1250 Libri
1946 1177 2028 1272 quid

234 1319 383 1412 ceruum
411 1315 594 1398 exhibent,
625 1315 726 1409 quod
755 1311 912 1386 Clausen
940 1314 977 1385 in·
1012 1314 1270 1387 commentario
1299 1313 1392 1384 tueri
1429 1327 1587 1382 conatur.
1641 1311 1718 1384 Sed
1749 1311 1781 1409 si
1818 1312 2028 1406 responsion

239 1475 334 1548 quae
368 1450 560 1523 intercedit
593 1449 685 1521 inter
718 1446 893 1522 Electrae
925 1449 1142 1544 Orestisque
1183 1463 1220 1520 et
1263 1449 1411 1519 alterum
1449 1447 1548 1541 quod
1582 1446 1745 1542 sequitur
1774 1439 1942 1518 Electrae
1973 1463 2028 1518 vot

233 1591 346 1682 πεῖρας
372 1587 404 1657 αἱ
431 1578 623 1668 κτανόντες
650 1587 802 1676 δαμῆναι
830 1584 1049 1679 respicimus,
1079 1584 1138 1656 ubi
1168 1584 1392 1656 scholiastae
1420 1582 1454 1654 in
1482 1581 1679 1674 codicibus¹
1699 1583 1884 1677 adscripta
1904 1583 2028 1654 adnotz

234 1722 329 1794 haec
355 1719 501 1816 legitur:
542 1725 651 1790 λείπει
678 1718 719 1790 τὸ
748 1716 900 1810 oidelae:
932 1719 1042 1790 etiam
1068 1735 1230 1791 nostrum
1258 1720 1377 1790 locum
1406 1742 1473 1812 pro
1491 1731 1578 1789 voto
1607 1717 1775 1812 accipere
1801 1732 1990 1812 praestare
2018 1744 2028 1787 r

239 1855 456 1938 videtursut
482 1855 619 1926 alterae
648 1854 816 1925 Electrae
844 1877 979 1948 preces
1010 1879 1064 1926 vv.
1103 1861 1174 1944 363
1212 1893 1259 1904 -κ
1297 1861 1370 1943 366
1405 1852 1666 1946 respondeant.
1705 1851 1848 1924 Orestis
1883 1852 2028 1934 verbis,

236 2016 300 2085 sq,
329 1991 465 2062 alterae
492 2015 524 2062 ν.
564 1997 635 2082 367
667 2013 721 2082 sq.
755 2013 883 2060 novam
912 1987 1036 2060 Oresti
1070 2001 1260 2082 opponant
1293 1987 1520 2059 sententiam.
1551 1983 1723 2058 Ostendit
1751 1984 2016 2059 enirnElectra

235 2121 281 2196 illi
309 2123 490 2218 precanti:
522 2125 552 2194 εἰ
578 2121 646 2218 γάρ
674 2138 740 2196 etc.
772 2145 843 2194 non
871 2122 1100 2212 assentiatur,
1129 2122 1199 2194 sed
1227 2121 1347 2216 potius
1374 2121 1444 2194 hoc
1482 2121 1577 2194 votis
1612 2136 1780 2216 expetat:
1812 2119 1891 2214 μηθ’
1924 2117 1993 2192 ὑπό

235 2257 360 2354 ltaque
386 2257 601 2330 vertendum
630 2257 711 2330 erit:
746 2257 900 2330 »utinam
926 2283 971 2330 ne
1000 2259 1113 2330 saturn
1140 2259 1268 2332 fuisset
1296 2253 1475 2352 sepultum
1500 2256 1620 2328 iacere
1646 2257 1712 2328 sub
1739 2257 1873 2329 Troiae
1899 2256 2028 2328 moenil

218 2392 304 2466 -sed
331 2393 451 2490 potius
481 2407 578 2482 etc3«
612 2389 705 2464 nullo
735 2391 828 2463 enim
857 2393 968 2464 modo
994 2393 1106 2487 patris
1135 2371 1490 2488 necemoptabilem
1517 2391 1632 2463 videri
1660 2416 1773 2487 posse
1803 2389 1991 2488 significat.

392 2525 632 2622 εἰργάσθαι
659 2526 732 2624 Ag.
768 2536 864 2624 1346
897 2524 1063 2624 (τοῦργον
1099 2531 1205 2623 δοκεῖ)
1235 2549 1327 2623 opus
1357 2527 1404 2600 ad
1437 2525 1544 2599 linem
1578 2526 1790 2622 perductum
1824 2541 1862 2598 et
1897 2524 2024 2599 absolu

236 2661 377 2734 videtur
406 2687 501 2736 esse.

392 2795 661 2869 πεποιθέναι
688 2799 786 2871 Pers.
820 2805 905 2870 601.
938 2797 1028 2872 Cho.
1061 2820 1145 2891 297·
1175 2798 1230 2872 Pr.
1264 2820 1333 2890 ²25
1365 2791 1454 2883 (τοῖς
1481 2799 1609 2892 φίλαις)
1640 2795 1749 2868 fidem
1779 2795 1900 2868 amicis
1928 2795 2028 2866 habu

238 2931 354 3026 iisque
384 2931 453 3002 iam
482 2930 552 3005 niti.
1305 2920 1306 2924 ¹

394 3069 519 3137 τεθα
535 3064 557 3137 α’
573 3095 594 3138 v
609 3095 659 3138 αι
684 3067 756 3164 hg.
790 3091 862 3160 539
891 3081 1045 3139 mortem
1075 3067 1197 3140 obisse
1227 3082 1263 3139 et
1292 3090 1386 3138 nunc
1414 3079 1592 3138 mortuum
1620 3065 1752 3138 iacere.

394 3195 601 3272 εἰδέναι
628 3201 701 3298 Ag.
739 3211 846 3293 1196.
893 3212 999 3294 1369.
1037 3226 1144 3296 1371.
1173 3203 1278 3297 srgm.
1314 3204 1377 3273 181
1412 3217 1533 3272 mente
1563 3199 1781 3296 cognovisse
1811 3215 1848 3272 et
1879 3223 2028 3270 nuncsc

391 3325 608 3407 ὀλωλέναι
636 3334 734 3409 Pers.
766 3341 850 3428 446.
880 3337 1032 3432 periisse
1061 3353 1098 3410 et
1124 3361 1216 3410 nunc
1245 3338 1278 3410 in
1305 3353 1530 3409 mortuorum
1558 3360 1708 3407 numero
1737 3361 1832 3408 esse.

339 3599 364 3693 9
392 3599 426 3670 4.
483 3600 541 3671 De
569 3601 786 3692 praesentis
814 3611 854 3674 et
878 3602 1013 3675 aoristi
1044 3602 1248 3675 infinitivis
1274 3625 1373 3694 quae
1401 3600 1568 3673 maxime
1582 3607 1731 3698 ‘notatu
1759 3600 1872 3692 <liqna
1900 3601 1987 3672 sint.

233 3840 266 3887 a.
321 3818 375 3890 Hi
410 3817 617 3890 infinitivi
652 3844 741 3914 quo
779 3820 900 3892 inter
937 3847 985 3893 se
1019 3821 1235 3893 differant
1266 3820 1323 3892 iis
1359 3813 1619 3892 ostenditur
1651 3816 1771 3915 apud
1806 3817 2028 3912 Aeschyli

556 3953 795 4049 exemplis,
825 3954 899 4026 ubi
926 3980 1012 4027 uno
1040 3955 1085 4028 in
1113 3955 1355 4027 enuntiato
1385 3953 1623 4026 coniuncti
1652 3970 1765 4025 sunt.
1851 4033 1853 4043 1

392 4144 462 4214 lam
494 4143 621 4239 reliqui
658 4159 740 4215 sunt
769 4145 828 4239 qui
865 4145 1019 4217 omnium
1048 4143 1157 4240 longe
1195 4146 1402 4218 creberrimi
1435 4145 1659 4218 inveniuntur
1692 4143 1858 4227 infinitivi,
1894 4142 2016 4215 aoristi

231 4276 453 4371 praesentis.
509 4277 581 4370 Qui
610 4277 764 4373 disiungi
789 4279 851 4348 vix
878 4297 1032 4374 possunt
1058 4306 1138 4353 cum
1166 4281 1383 4377 saepissime
1418 4281 1597 4378 insignem
1629 4280 1722 4350 inter
1748 4304 1789 4350 se
1823 4277 2028 4350 similitudin

227 4435 317 4506 prae
351 4437 392 4482 se
429 4411 556 4485 ferant.
611 4411 667 4482 Ac
696 4411 843 4507 quidem
875 4415 909 4486 in
941 4435 1140 4510 praesente
1177 4417 1276 4489 notio
1319 4414 1414 4490 inest
1458 4414 1607 4486 actionis
1649 4413 1807 4484 durantis
1847 4410 1905 4484 vel
1939 4437 2028 4505 saep

227 4545 417 4641 repetitae,
445 4547 480 4618 in
500 4547 636 4620 aoristo
657 4562 937 4622 momentaneae
958 4551 1033 4622 sive
1057 4551 1217 4647 incipere
1237 4554 1333 4624 haec
1361 4550 1436 4622 sive
1465 4546 1579 4620 semel
1598 4574 1666 4620 nec
1685 4547 1832 4642 saepius
1851 4545 1926 4618 fieri
1947 4547 2028 4617 dicit

226 4683 520 4755 Consentaneum
550 4696 606 4752 est
634 4699 755 4755 autem
783 4709 1053 4780 saepenumero
1080 4702 1197 4758 utrum
1216 4685 1421 4757 infinitivum
1450 4682 1563 4778 eligat
1588 4708 1739 4778 prorsus
1768 4697 1904 4776 poetae
1933 4679 2028 4750 arbit

192 4824 195 4830 ’
225 4818 438 4914 permissum
450 4828 554 4890 esse.
609 4817 667 4889 De
689 4841 762 4913 quo
783 4817 987 4892 discrimine
1009 4820 1281 4916 diligentissime
1301 4846 1323 4891 a
1342 4835 1489 4891 nostrae
1510 4819 1639 4890 aetatis
1659 4814 1900 4914 grammaticis
1920 4829 2028 4886 tracta

225 4955 325 5046 plura
363 4953 397 5025 in
436 4952 645 5024 universum
684 4953 866 5026 disserere
907 4955 953 5024 ab
999 4979 1039 5026 re
1078 4981 1164 5028 esse
1197 4956 1304 5028 duco.
1361 4954 1503 5026 Tamen
1539 4954 1663 5026 facere
1700 4974 1773 5022 non
1800 4973 1962 5044 possum,
1993 4973 2028 5043 qt

225 5111 291 5160 eos
305 5083 410 5164 locos
437 5086 589 5162 afferam
604 5085 792 5182 Aeschyli,
818 5089 850 5161 in
870 5090 998 5188 quibus
1015 5075 1177 5187 ⁴uterque
1198 5105 1390 5187 usurpatus
1411 5088 1554 5186 legitur.
1597 5089 1765 5179 Namque
1792 5083 1847 5155 his
1877 5089 2028 5162 certissir

1881 5223 1913 5277 ὁ*
