4138 5758
1129 275 1165 341 15

559 475 594 546 b.
634 474 707 545 De
748 471 1024 545 infinitivo
1065 467 1486 543 adverbialiter
1525 471 1726 566 posito,

370 610 560 684 Infinitivus
589 604 777 680 absolutus
810 604 1014 700 imperativi
1047 602 1132 676 loco
1173 619 1367 700 usurpatus
1404 630 1484 677 cum
1521 607 1637 704 magis
1671 609 1863 706 magisque
1899 609 1992 682 immi

213 763 316 842 retur
336 745 406 817 alia
446 743 599 816 infinitivi
634 740 792 814 absoluti
822 764 962 834 genera
998 740 1221 812 exstiterunt.
1278 733 1442 833 Quorum
1479 741 1514 812 in
1549 766 1698 813 numero
1732 741 1993 817 referenduse

214 898 272 954 est
290 879 348 953 ille
368 878 553 950 infinitivus
574 875 791 949 adverbialis
806 875 866 970 qui
881 874 1020 948 dicitur.
1058 874 1170 970 Apud
1184 875 1386 947 Homerum
1401 876 1494 947 enim
1508 874 1640 948 nullum
1660 876 1863 950 etiamnunc
1879 903 1993 974 exem]

212 1015 398 1097 invenitur,
430 1037 507 1084 cum
535 1028 660 1086 aetate
696 1010 905 1107 posteriore
932 1009 1147 1104 saepissime
1180 1007 1358 1093 occurrat,
1394 1010 1430 1081 in
1461 1010 1585 1104 primis
1605 1011 1704 1106 apud
1723 1011 1921 1108 scriptores
1945 1039 1993 1108 pr=

214 1149 395 1222 orationis.
451 1146 535 1239 Qua
568 1145 616 1217 de
656 1155 766 1217 causa
797 1144 888 1216 hunc
921 1169 1024 1215 usum
1060 1168 1129 1239 pro
1161 1161 1287 1216 vetere
1322 1142 1459 1215 habere
1494 1159 1605 1239 atque
1640 1170 1686 1217 ex
1712 1145 1901 1242 principali
1926 1148 1993 1218 infir

217 1300 342 1357 natura
373 1281 561 1353 deducere
595 1279 816 1352 necessitate
853 1300 927 1350 non
964 1277 1139 1374 cogimur,
1173 1277 1240 1350 sed
1275 1275 1539 1351 similitudinem
1580 1280 1823 1352 recentiorum
1862 1279 1993 1354 locutio

214 1418 246 1489 in
272 1417 588 1511 comparationem
613 1438 744 1486 vocare
772 1411 867 1485 licet.
925 1414 1051 1507 ltaque
1086 1412 1300 1484 accusativo
1333 1437 1420 1487 casu
1454 1410 1623 1508 explicari
1661 1410 1767 1499 solet,
1800 1439 1873 1510 quo
1910 1414 1993 1488 Grai

212 1549 260 1624 ad
287 1552 470 1624 rationem
498 1547 741 1622 adverbialem
770 1547 1046 1643 exprimendam
1074 1546 1290 1642 saepissime
1326 1571 1415 1618 usos
1443 1572 1528 1618 esse
1556 1548 1644 1620 satis
1671 1564 1795 1620 notum
1822 1530 1888 1620 est.
1946 1553 1993 1636 (cl

213 1687 326 1758 Curtii
352 1709 504 1778 gramm.
532 1679 555 1786 ξ
583 1685 687 1778 564).
746 1681 858 1753 Tales
885 1682 1040 1776 phrases
1066 1683 1197 1776 partim
1226 1679 1414 1754 articulum
1442 1682 1613 1754 exhibent
1638 1683 1769 1776 partim
1796 1702 1978 1778 respuunt.

213 1836 347 1915 postea
373 1818 446 1892 late
471 1834 600 1913 patent
626 1841 697 1888 eae
724 1833 937 1900 structurae,
972 1817 1006 1887 in
1039 1817 1167 1911 quibus
1201 1813 1370 1888 articulus
1408 1815 1580 1888 infinitivo
1616 1841 1776 1889 annexus
1803 1833 1869 1902 est,
1895 1815 1992 1890 velut

213 1961 279 2025 νῦν
314 1953 412 2037 εἶναι,
445 1952 487 2024 τὸ
527 1952 683 2046 τήμερον
725 1950 822 2034 εἶναι,
863 1951 904 2021 τὸ
944 1949 994 2022 ἐπ’
1035 1955 1111 2043 ἐμοὶ
1155 1955 1244 2046 (ἐμὲ)
1286 1951 1391 2038 εἶναι;
1428 1951 1527 2046 apud
1552 1948 1776 2045 Aeschylum
1803 1929 1934 2024 nullum
1961 1979 1993 2024 er

215 2087 426 2184 exemplum.

368 2223 529 2296 Ceterae
564 2247 653 2294 vero
685 2222 890 2294 huiusmodi
923 2220 1130 2294 locutiones
1165 2249 1206 2294 se
1238 2222 1286 2294 ad
1328 2221 1557 2320 originariam
1590 2220 1747 2293 infinitivi
1782 2221 1993 2317 significatio

213 2383 302 2430 sane
329 2359 526 2454 applicant,
555 2380 635 2428 cum
660 2356 711 2428 ita
739 2357 851 2452 accipi
878 2355 1030 2452 possint,
1058 2374 1097 2428 ut
1123 2382 1219 2451 quae
1244 2356 1442 2430 efficiantur
1468 2372 1506 2430 et
1531 2373 1802 2452 consequantur
1829 2381 1875 2428 ex
1902 2372 1993 2430 sent<

212 2493 460 2565 antecedente
487 2493 731 2587 exprimantur
761 2490 816 2588 (cs.
844 2490 933 2587 lolly
965 2490 986 2564 l.
1015 2491 1037 2564 l.
1066 2518 1098 2586 p.
1131 2497 1229 2564 220l.
1294 2491 1460 2586 Namque
1489 2489 1616 2583 ὀλίγου,
1641 2497 1769 2586 μικροῦ
1798 2493 1872 2562 derv
1898 2507 1993 2564 recte

211 2642 352 2698 vertes:
381 2643 420 2698 ut
446 2625 589 2722 paulum
616 2626 727 2714 absit,
766 2629 841 2719 ἐμοὶ
875 2629 1001 2698 donata:
1037 2643 1076 2697 ut
1109 2626 1192 2698 mihi
1220 2625 1395 2710 videatur,
1429 2626 1529 2721 quod
1563 2625 1660 2698 idern
1691 2625 1901 2699 accusativo
1933 2653 1993 2718 γνο

214 2760 303 2854 ἐμήν
329 2759 524 2856 significari
553 2775 687 2856 potest.
743 2760 790 2832 Et
823 2760 982 2832 similiter
999 2761 1219 2855 ,explicandi
1253 2776 1336 2833 sunt
1362 2757 1421 2832 illa
1447 2761 1548 2855 parvi
1576 2761 1731 2833 ambitus
1759 2762 1955 2846 enuntiata,
1983 2785 1993 2830 r

210 2895 331 2966 verbis
370 2894 511 2990 φράσαι,
551 2898 660 2966 εἰπεῖν
688 2895 969 2979 conformantur,
1009 2895 1098 2968 sicut
1134 2891 1266 2980 ’ἁπλοῖς
1308 2899 1426 2980 εἰπεῖν,
1469 2891 1519 2980 cic
1551 2897 1633 2980 ἔπος
1668 2899 1786 2980 εἰπεῖν,
1817 2895 1918 2992 quod
1948 2896 1992 2966 La

210 3029 376 3101 dicimus:
393 3046 432 3100 ut
446 3029 504 3113 ita,
519 3046 559 3101 ut
573 3030 732 3103 breviter
746 3029 863 3102 dicam
880 3031 937 3118 (cf.
966 3029 1056 3123 lolly
1077 3056 1111 3125 p.
1133 3034 1232 3127 221).
1275 3031 1409 3126 Neque
1429 3030 1536 3128 igitur
1563 3055 1672 3126 quam
1687 3031 1864 3114 Matthiae
1890 3029 1992 3127 ingre

212 3182 269 3237 est
294 3165 352 3237 via
372 3165 666 3237 commendanda
691 3164 843 3253 videtur,
873 3166 932 3260 qui
959 3163 1099 3260 ellipsin
1126 3166 1308 3264 quandam
1334 3163 1448 3238 latere
1480 3180 1585 3260 putat
1611 3181 1649 3238 et
1673 3167 1788 3238 verbo
1816 3167 1912 3236 δοτιν
1933 3192 1961 3237 s.
1988 3197 1992 3235 :

212 3321 309 3368 εστιν
337 3299 384 3371 ad
417 3298 655 3395 explicandas
683 3324 747 3370 eas
775 3301 1065 3372 constructiones
1085 3301 1201 3385 utitur,
1229 3327 1338 3396 quam
1366 3302 1414 3372 ad
1441 3293 1659 3373 sententiam
1687 3301 1866 3372 adductus
1895 3317 1952 3371 est
1977 3296 1992 3370 l

211 3435 248 3504 in
276 3433 405 3527 quibus
431 3435 517 3508 illud
542 3435 691 3507 verbum
717 3435 900 3518 invenitur,
934 3433 1032 3506 velut
1065 3434 1156 3507 Cho.
1186 3442 1276 3525 976:
1316 3443 1411 3526 φίλοι
1444 3438 1565 3506 δὲκαὶ
1593 3442 1669 3519 νῦν,
1698 3430 1748 3518 ὡς
1774 3431 1992 3504 &natationes

212 3567 394 3662 πάρεστιν.
449 3568 568 3662 Quam
595 3569 800 3664 opinionem
826 3569 961 3664 probat
987 3569 1137 3664 Herzog
1162 3569 1182 3641 l.
1209 3572 1229 3641 l.
1256 3595 1291 3665 p.
1324 3573 1379 3642 18.

371 3721 460 3793 Tria
487 3721 608 3792 afferri
633 3738 789 3815 possunt
816 3747 836 3793 e
863 3738 978 3815 poeta
1004 3738 1130 3794 nostro
1157 3721 1345 3818 exempla:

374 3884 471 3956 Pers.
502 3889 575 3976 246
607 3882 680 3954 ἀλλ’
714 3888 790 3977 ἐμοὶ
821 3886 937 3956 δοκεῖν
972 3883 1044 3976 τάχ’
1077 3889 1160 3956 eluat
1196 3885 1314 3956 πάντα
1348 3894 1504 3981 ναμερτῆ
1530 3886 1650 3979 λόγονε
1690 3903 1728 3958 at
1754 3911 1836 3957 mox
1863 3886 1992 3957 univer!

214 4033 254 4087 ut
283 4015 419 4110 opinor,
447 4020 649 4091 orationem
677 4035 812 4092 certam
839 4020 1032 4115 percipies.
1120 4064 1124 4074 ·

375 4177 471 4254 Pers
515 4189 588 4273 714
630 4183 910 4277 διαπεπόρθηται
941 4183 986 4254 τὰ
1026 4190 1176 4277 Περσῶν
1213 4181 1385 4277 πράγματ’
1422 4179 1472 4267 ὡς
1510 4186 1618 4254 εἰπεῖν
1653 4183 1753 4266 laroc:
1789 4159 1991 4276 perversae

214 4311 337 4384 dicere
365 4311 459 4396 licet,
485 4317 674 4389 Persarum
702 4341 796 4411 opes
823 4335 913 4390 sunt.
972 4317 1042 4411 Ag.
1077 4319 1172 4409 1584
1209 4322 1343 4413 τιατέρα
1380 4321 1539 4410 Θυέστην
1565 4317 1628 4388 τὸν
1655 4316 1740 4408 ἐμὸν
1766 4312 1816 4400 ὥς
1842 4322 1991 4411 τορώςς

211 4469 271 4517 σαι
298 4489 347 4500 -
375 4491 426 4501 —
454 4446 728 4545 ἠνδρηλάτησεν
754 4470 898 4548 patrem
913 4477 1042 4534 meum,
1064 4467 1102 4523 ut
1120 4450 1217 4524 clare
1245 4452 1371 4536 dicam,
1400 4452 1513 4524 eiecit.
1556 4448 1679 4523 Semel
1704 4450 1890 4524 infinitivus
1919 4451 1990 4523 omi

209 4597 285 4654 est:
317 4579 377 4652 Pr.
414 4587 463 4672 46
499 4577 550 4666 ὥς
576 4581 679 4680 ἁπλῷ
711 4585 814 4680 λόγῳ,
849 4586 949 4681 quod
981 4584 1090 4679 plane
1124 4586 1256 4658 eodem
1289 4587 1399 4659 modo
1434 4585 1645 4658 dictumest
1675 4609 1747 4680 quo
1782 4600 1954 4659 nostrum:
1988 4618 1991 4648 ι

207 4717 328 4790 einem
356 4713 498 4788 Wort.‹

368 4849 584 4924 Cavendum
608 4879 696 4927 vero
723 4871 780 4927 est
805 4881 850 4928 ne
877 4856 930 4928 his
959 4853 1047 4927 locis
1075 4855 1350 4929 adnumeremus
1378 4856 1451 4953 Ag.
1482 4857 1555 4927 868
1583 4860 1756 4950 τέτρωται
1796 4857 1990 4927 draconun

76 5011 78 5026 ·
172 5041 176 5050 .
208 4990 329 5080 λέγειν.
386 4987 518 5059 Obiter
550 4989 641 5063 enim
675 4991 765 5062 haec
798 4991 911 5062 verba
945 4988 1080 5086 legenti
1110 4991 1144 5062 in
1182 5009 1338 5062 mentem
1379 4990 1518 5062 venerit
1548 4989 1802 5063 adverbialiter
1836 4993 1954 5085 posita
1985 5021 1991 5059 ι

203 5121 340 5194 eodem
369 5146 482 5193 sensu
509 5149 582 5218 quo
609 5121 692 5194 alibi
719 5119 1017 5210 deelaravimus,
1047 5125 1262 5218 praesertim
1294 5148 1373 5196 cum
1401 5126 1449 5197 ad
1475 5122 1589 5197 simile
1616 5125 1753 5218 optime
1778 5124 1871 5197 haec
1897 5126 1991 5222 inter¹
