4138 5758
1161 295 1179 363 7

230 500 445 573 carminibus
488 497 678 594 epicorum
718 496 830 569 modo
870 495 1100 592 compositis;
1147 521 1260 591 quare
1301 512 1425 568 certos
1467 494 1558 569 lines
1598 495 1848 592 terminosque
1888 515 2004 593 poeta

231 636 422 709 constituit.

386 769 547 842 infinitivi
573 765 773 862 Aeschylei
801 769 941 841 formae
968 784 1008 838 ut
1039 784 1285 862 cognoscatur
1321 784 1459 863 quanto
1491 792 1605 861 opere
1635 792 1714 838 cum
1743 766 1876 842 Atticis
1904 795 2023 865 congr

185 977 186 984 ,
229 907 388 1004 exempli
415 931 527 978 causa
553 902 746 977 nonnullos
765 902 958 975 infinitivos
977 902 1194 975 subiciemus
1220 927 1345 974 eorum
1375 918 1588 998 temporum,
1618 926 1770 999 quorum
1790 904 1888 1000 apud
1910 907 2024 979 Home

229 1040 446 1138 multiplices
483 1057 633 1145 ¹exstant
673 1041 834 1111 formae:
875 1042 1081 1128 ἐξοπλίζειν,
1123 1037 1339 1132 ἐνδακρύειν.
1379 1082 1428 1092 -
1464 1054 1729 1132 μητροκτονεῖν,
1757 1042 2024 1135 θρασυστομεῖν.

229 1185 343 1271 σιγᾶν,
370 1185 488 1249 συλᾶν.
515 1222 566 1232 -
594 1181 737 1268 μεσοῦν.
765 1216 815 1226 —-
844 1172 1052 1266 πιμπράναι,
1078 1172 1275 1245 άνιστάναι.
1317 1218 1367 1226 —-
1394 1178 1606 1267 περιβαλεῖν,
1639 1182 1765 1265 λαχεῖν.
1795 1221 1845 1230 -
1874 1205 2024 1249 πεπτωκ.

231 1312 408 1385 τεθνάναι.
437 1357 487 1366 —-
517 1310 799 1391 ἐκτολυπεύσειν,
828 1308 1100 1402 θεσπιῳδήσειν.
1142 1351 1190 1360 -
1220 1315 1373 1401 μιγῆναι,
1415 1312 1541 1392 θεῖναι,
1570 1312 1704 1393 δουναι,
1733 1318 1843 1400 φῦναι
1872 1310 1964 1410 (Ag.
2000 1339 2024 1400 ιΙ

230 1447 284 1521 Pr·
314 1450 419 1542 969).
448 1490 500 1501 -

387 1581 612 1674 ἀντιωθῆναι
637 1577 780 1680 (Suppl.
812 1576 915 1677 389),
945 1581 1115 1671 μιχθῆναι
1143 1576 1286 1678 (Suppl.
1318 1577 1419 1680 295),
1448 1584 1653 1671 ξενωθῆναι
1680 1580 1791 1674 (Cho.
1823 1585 1923 1678 702),
1951 1586 2025 1677 θρα

228 1722 337 1811 θῆναι
366 1716 512 1817 (Suppl.
543 1719 644 1812 772).

390 1851 522 1925 Ubiubi
556 1850 766 1924 infinitivum
799 1846 903 1920 aliter
938 1851 1205 1922 conformatum
1234 1849 1522 1946 deprehenderis
1564 1875 1637 1922 non
1678 1852 1787 1924 abest
1827 1852 1987 1947 suspicio
2023 1891 2025 1912 ·

231 1986 350 2061 editor
376 1987 549 2060 erraverit
575 2011 696 2082 neque
712 2000 861 2080 poetae,
882 1985 950 2057 sed
971 1985 1121 2082 editoris
1141 1986 1322 2058 inventum
1342 1985 1466 2056 subsit.
1523 1986 1652 2058 Mirum
1672 1987 1708 2057 in
1728 1987 1872 2059 modum
1893 1987 1926 2059 in
1947 1986 2025 2059 edit

231 2123 275 2196 G.
305 2121 500 2218 Dindorfi¹)
530 2140 607 2195 tres
635 2119 707 2192 loci
733 2123 968 2215 reperiuntur,
998 2122 1057 2216 qui
1084 2118 1157 2216 legi
1193 2119 1308 2193 modo
1341 2121 1559 2193 constitutae
1592 2139 1809 2218 repugnant.
1866 2121 1922 2193 Ac
1956 2123 2025 2217 prir

227 2256 375 2352 quidem
406 2257 502 2329 duos
536 2255 730 2331 infinitivos
763 2281 838 2330 aor.
874 2257 887 2327 I
921 2283 1020 2353 pass.
1055 2255 1152 2327 dico:
1177 2255 1279 2349 Sept.
1314 2272 1421 2346 1077,
1449 2257 1574 2351 Suppl.
1612 2258 1695 2345 788,
1724 2258 1854 2352 quibus
1880 2257 1915 2329 in
1940 2283 2024 2330 vers

227 2393 429 2488 scripturae
459 2409 605 2465 exstant
641 2392 739 2488 apud
776 2390 1002 2464 Dindorfium
1041 2394 1302 2483 κατακλυσθῆν,
1331 2395 1526 2484 χριμφθῆν,
1563 2416 1643 2464 cum
1680 2417 1727 2462 ex
1759 2417 1814 2474 eu,
1843 2392 1942 2488 quod
1970 2394 2026 2464 dur

226 2529 495 2623 praecepimus,
523 2528 558 2599 in
588 2557 670 2621 ηναι
694 2529 731 2600 hi
759 2527 917 2600 infinitivi
949 2525 1163 2598 terminandi
1196 2526 1275 2609 sint,
1315 2526 1351 2596 id
1385 2527 1486 2620 quod
1522 2552 1568 2598 ex
1594 2526 1824 2598 similitudine
1856 2553 1982 2600 eorum
2010 2555 2026 2623 ι

230 2663 521 2735 enumeravimus
549 2662 798 2760 exemplorum
828 2663 918 2736 satis
945 2677 1114 2758 apparet.

386 2797 463 2870 Sed
490 2795 571 2871 illae
600 2799 740 2871 formae
768 2813 907 2871 tantum
936 2798 1042 2869 abest
1060 2813 1105 2900 ut
1132 2792 1367 2890 Aeschyleae
1401 2796 1480 2884 sint,
1509 2811 1547 2866 ut
1573 2796 1620 2868 ab
1647 2821 1718 2868 uno
1747 2795 1937 2869 Dindorfio
1964 2799 1998 2869 in

229 2947 302 3006 tum
329 2931 450 3006 illatae
477 2934 548 3007 sint
573 2958 694 3029 neque
721 2933 757 3003 in
784 2930 856 3004 ulla
883 2930 953 3003 alia
983 2931 1144 3004 editione
1174 2928 1354 3025 legantur.

385 3069 495 3141 Pauci
531 3069 679 3141 omnino
714 3083 796 3139 sunt
829 3066 988 3138 infinitivi
1022 3067 1083 3161 qui
1114 3067 1150 3138 in
1182 3095 1226 3159 ῆν
1268 3064 1447 3161 syllabam
1482 3083 1627 3139 exeant.
1689 3067 1735 3139 Et
1772 3069 1927 3140 maxime
1959 3071 2027 3164 quir

228 3202 368 3276 Aeoliis
396 3204 565 3277 Lesbicis
593 3205 736 3300 placuit,
775 3204 836 3299 qui
870 3228 951 3276 eam
985 3202 1250 3275 terminationis
1283 3230 1337 3273 ειν
1366 3204 1451 3273 loco
1479 3218 1712 3297 usurparunt:
1745 3207 1938 3296 συμφέρην,
1967 3203 2027 3298 άρι

229 3337 359 3433 Neque
398 3365 420 3410 a
456 3337 631 3412 nonnullis
670 3341 808 3412 Dorum
850 3339 1022 3433 gentibus
1054 3337 1113 3409 hic
1148 3362 1234 3409 usus
1268 3336 1389 3418 abluit,
1427 3337 1599 3432 quoniam
1632 3339 1731 3432 apud
1758 3333 1928 3410 Lacones
1956 3365 2027 3432 quo

227 3476 396 3570 exempla
426 3489 583 3548 exstant.

385 3609 531 3683 Deinde
546 3611 579 3684 in
598 3610 740 3704 aoristis
760 3610 899 3706 passivi
919 3609 1042 3682 Aeolii
1060 3611 1129 3682 hoc
1149 3609 1247 3680 exitu
1274 3609 1329 3680 usi
1352 3624 1450 3680 sunt:
1469 3608 1667 3701 μεθύσθην,
1702 3607 1888 3703 ὀμυάσθην
1922 3608 2027 3710 (ra

230 3745 460 3848 μνησθῆναι),
488 3745 651 3839 ὀντέθην,
680 3746 929 3838 στεφανώθην.

385 3881 498 3978 Apud
526 3882 726 3955 Homerum
758 3907 848 3953 vero
883 3879 973 3953 illius
1004 3880 1161 3952 infinitivi
1194 3905 1240 3952 ne
1274 3878 1520 3952 tenuissimum
1553 3878 1700 3975 quidem
1729 3881 1934 3975 vestigium.
1996 3883 2026 3954 E

226 4016 429 4110 praeterire
471 4015 648 4104 volumuS,
692 4017 794 4112 quod
838 4016 922 4089 illud
964 4045 1008 4109 ην
1049 4013 1191 4109 syllaba
1231 4013 1459 4086 circumflexa
1501 4039 1587 4086 esse
1628 4039 1701 4086 non
1741 4018 1844 4099 solet,
1886 4015 1922 4089 id
1950 4041 2027 4089 cons

228 4147 456 4246 Aeschylum
485 4181 531 4226 ex
559 4154 716 4226 sontibus
744 4169 819 4224 tam
847 4153 999 4225 remotis
1028 4175 1147 4224 voces
1176 4149 1386 4245 formasque
1415 4173 1489 4220 non
1516 4149 1707 4243 repetisse.
1761 4149 1970 4223 Dindorfius
1998 4150 2027 4223 le

230 4281 457 4380 lleschylei²)
494 4290 560 4360 sub
597 4314 693 4360 voce
730 4288 943 4378 κατακλυζα)
977 4314 1044 4359 nos
1077 4285 1124 4357 ad
1157 4313 1202 4359 ea
1235 4284 1388 4379 relegat,
1431 4310 1583 4379 quaes
1611 4310 1642 4356 v,
1668 4293 1831 4379 χρίμπτιν
1859 4286 2027 4359 adnotau

228 4416 315 4509 Quo
344 4416 426 4494 loco
455 4439 581 4495 monet
607 4422 812 4495 infinitivum
840 4422 966 4494 aoristi
1013 4447 1093 4494 cum
1127 4447 1299 4517 apocope
1330 4421 1402 4493 hoc
1438 4421 1473 4492 in
1501 4445 1612 4492 versu
1644 4421 1894 4517 accipiendum
1922 4449 2021 4504 esse;

227 4553 322 4624 enim
350 4579 434 4628 sese
461 4559 664 4633 correxisse
697 4561 797 4655 quod
828 4559 864 4630 in
901 4565 940 4629 Μ
970 4557 1186 4629 inveniatur:
1219 4564 1303 4652 πρὶν
1335 4554 1419 4650 rqid'
1452 4559 1660 4651 ἐχριμφθῆν.
1739 4554 1925 4653 Simulque
1961 4557 1996 4630 id

227 4689 414 4782 respicere
441 4691 549 4775 iubet,
577 4692 624 4766 de
652 4719 726 4790 quo
755 4693 874 4788 egerit
906 4718 933 4765 s.
969 4719 1004 4765 v,
1029 4692 1134 4786 χρώς.
1189 4691 1267 4766 Sed
1301 4718 1347 4763 ne
1379 4691 1454 4763 hoc
1490 4689 1637 4787 quidem
1673 4689 1756 4763 loco
1788 4693 1869 4765 novi
1900 4694 2027 4788 quidqr

228 4820 390 4895 additum
420 4840 487 4898 est.
543 4825 724 4922 Equidem
752 4825 865 4900 libere
894 4825 1072 4899 confiteor
1104 4827 1159 4899 his
1195 4828 1322 4911 causis
1356 4852 1451 4920 quae
1483 4823 1604 4921 potius
1639 4851 1773 4899 causae
1802 4828 1917 4901 nullae
1945 4847 2026 4902 sunt

227 4994 520 5013 h———....—-
528 5007 594 5012 -›---·
604 5006 640 5015 -κ

368 5097 391 5178 1)
437 5097 567 5179 Lipsiae
597 5104 688 5180 1874.
716 5101 813 5163 editio
838 5101 958 5183 quinta.
973 5122 1014 5164 ex
1038 5121 1103 5184 qua
1127 5121 1277 5163 numeros
1302 5100 1456 5182 locosque
1480 5101 1729 5166 numerabimus

372 5218 395 5302 ς)
438 5215 583 5281 Lexicon
606 5218 838 5300 Aeschyleum‚
864 5219 965 5281 edidit
988 5217 1026 5282 G.
1050 5218 1244 5281 Dindorfius.
1269 5215 1398 5299 Lipsiae
1426 5219 1516 5302 1876.
