4138 5758
999 268 1040 332 30

216 463 344 555 ltaque
373 461 562 534 infinitivus
591 461 710 534 locum
738 464 852 534 habet
879 478 965 558 post
996 461 1091 534 haec
1123 462 1219 558 apud
1247 462 1468 558 Aeschylum
1497 465 1690 538 vocabula:
1720 467 1914 553 ἐλπίζιο

58 591 131 690 Ag..
169 599 276 687 1058.
304 641 353 648 -
384 601 682 691 ἐπέλπομαι
716 597 789 691 Ag.
831 621 935 689 1033.
974 641 1023 649 ·-
1061 600 1207 682 ἐλπίς
1239 602 1388 668 ι’·ὀτιν
1422 599 1495 696 Ag.
1527 597 1915 692 679.--ειῖελπι’ς

58 732 164 821 εἰμι
192 731 246 802 Pr.
278 753 362 822 510.
392 777 440 786 —
475 732 790 827 προσδοκάιο
825 732 899 827 Ag.
940 741 1024 824 675.
1063 777 1110 784 -
1149 737 1379 804 πέποιθα
1412 734 1514 828 Sept.
1549 757 1635 826 445.
1670 780 1721 788 -—
1749 731 1914 827 αὐχέο)

59 862 160 937 Pers.
193 846 259 954 741
294 867 313 936 i.
344 892 376 938 e.
407 893 560 961 sperans
589 869 752 961 eloquor.

213 1027 324 1118 Quod
358 1030 486 1100 numini
521 1047 560 1100 ur
602 1030 663 1101 fiat
702 1029 838 1123 placuit
877 1054 980 1116 sors,
1020 1031 1130 1101 fatum
1169 1049 1331 1112 vocatur,
1377 1056 1490 1125 quare
1532 1031 1647 1102 verba
1697 1028 1916 1101 voluntativa

61 1161 132 1260 hae
163 1185 310 1257 quoque
338 1187 451 1234 voces
482 1180 694 1259 sequuntur:
725 1168 998 1258 πέπρωται
1025 1163 1082 1236 Pr.
1114 1168 1199 1256 815.
1228 1210 1278 1218 -
1309 1168 1652 1259 πεπραμένοι*
1681 1167 1830 1234 ἐστι’-ν
1858 1162 1912 1234 Pr.

59 1315 143 1388 753.
180 1341 232 1350 -—
266 1299 413 1394 doctu
437 1299 471 1369 in
505 1301 559 1370 Pr.
594 1325 626 1371 ν.
666 1320 737 1391 757
774 1297 906 1369 eodem
941 1298 1144 1394 significatu
1179 1300 1387 1371 instructum
1420 1300 1561 1372 videtur
1597 1325 1694 1386 esse,
1731 1322 1803 1392 quo
1842 1295 1915 1368 aliis

56 1428 144 1502 locis
186 1434 376 1525 πέπρωται.
411 1477 461 1487 --
489 1433 615 1526 λάχη
645 1432 869 1528 ἐκράνθη
898 1431 999 1505 Eum.
1032 1437 1117 1524 348.
1144 1477 1192 1485 -
1221 1435 1482 1528 μόρσιμον
1509 1437 1563 1507 Pr.
1596 1458 1681 1526 933.
1711 1479 1761 1487 -
1793 1438 1918 1503 Δίκα

56 1568 336 1660 ἐπιῤῥέπέι
375 1567 448 1661 Ag.
490 1591 574 1660 250.
610 1612 661 1622 --
693 1575 929 1660 γίγνεται
965 1567 1057 1639 Cho.
1098 1571 1183 1660 386.
1223 1612 1269 1620 -
1297 1568 1389 1662 χριὶ
1422 1569 1457 1639 in
1490 1569 1583 1640 Cho.
1617 1595 1650 1641 v.
1702 1591 1772 1658 203
1822 1565 1916 1638 idem

56 1700 245 1796 significat,
276 1701 376 1797 quod
404 1709 576 1795 γίγνεταιτ
607 1707 636 1773 εἰ
664 1705 701 1773 δὲ
730 1702 796 1796 χρὴ
828 1719 945 1793 τυχεῖν
972 1710 1149 1798 σωτηρίας
1175 1703 1203 1774 si
1223 1720 1262 1774 ut
1288 1700 1484 1775 incolumes
1523 1705 1632 1774 simus
1660 1701 1846 1794 contingit.
1871 1745 1915 1756 -

55 1830 295 1927 λαγχάνοι
322 1835 425 1908 Eum.
462 1860 548 1929 931.
583 1837 925 1930 -pr'pvarAg‚
954 1837 1416 1931 1563.—oriyyovov
1437 1838 1508 1934 Ag.
1532 1840 1920 1930 885.-ουγγενὲς

55 1971 197 2040 ἐστιν
225 1969 296 2066 Ag.
318 1975 403 2064 833.
433 2015 483 2023 -
513 1973 830 2044 diundllsru
858 1973 957 2066 Sept.
990 1990 1074 2064 731.
1105 2017 1152 2026 --
1183 1976 1293 2045 ἐστὶ
1322 1981 1684 2068 προκείμενον
1711 1973 1809 2043 Pers,
1834 1987 1917 2062 371,

55 2146 104 2156 -
133 2103 255 2200 μοιρ)
284 2108 549 2201 ἐπέσκηψε
563 2136 584 2178 v
612 2107 711 2180 Pers.
749 2117 816 2179 106
851 2106 950 2202 (Vox
976 2106 1187 2198 οπήπιιο
1214 2109 1356 2179 omnino
1384 2121 1673 2202 poetaenostro
1708 2107 1755 2176 ad
1783 2129 1911 2188 casum,

54 2237 234 2310 fortunam
262 2239 525 2334 designandam
553 2241 807 2336 probatissima
837 2258 895 2313 est
925 2241 968 2312 cs.
996 2243 1095 2314 Pers,
1119 2264 1136 2334 5
1150 2267 1204 2332 ι4.
1229 2245 1329 2337 740.)
1360 2287 1411 2296 -
1435 2271 1459 2335 μ
1475 2271 1494 2313 o
1509 2259 1523 2313 ῖ
1536 2270 1556 2337 ρ
1569 2271 1592 2313 α
1620 2245 1635 2312 έ
1649 2269 1675 2312 π
1689 2246 1707 2312 έ
1720 2269 1740 2311 κ
1754 2249 1774 2311 λ
1789 2270 1818 2312 οι
1831 2265 1875 2312 οι
1891 2267 1909 2309 v

54 2373 153 2445 Eum.
185 2395 269 2466 335.
297 2419 348 2427 -
376 2375 537 2460 πάλος
563 2376 822 2469 ἐπήδησεν
852 2376 955 2472 Sept.
987 2386 1075 2466 460.
1105 2421 1155 2430 -

212 2535 398 2608 Consimili
430 2537 541 2610 modo
578 2541 626 2612 ad
660 2555 802 2634 tempus
838 2538 990 2611 futurum
1023 2555 1061 2612 et
1092 2565 1136 2611 ea
1175 2553 1274 2635 'quae
1306 2539 1463 2633 posthac
1497 2554 1669 2612 eventura
1701 2537 1772 2610 sint
1802 2536 1909 2610 verba

53 2671 295 2766 permittendi,
326 2673 553 2745 concedendi
579 2691 763 2769 spectant:
791 2674 889 2746 έάιο
918 2675 1077 2767 Ριι584.
1105 2719 1153 2727 --
1185 2677 1375 2767 ὃίιλαιμι
1401 2675 1502 2770 Sept.
1535 2699 1618 2764 421.
1647 2719 1696 2728 -
1723 2671 1913 2744 ἀντιλι-

54 2805 301 2898 lupicho.
334 2811 420 2897 498.
450 2852 499 2861 -
527 2809 682 2901 τιμὴν
717 2807 886 2898 ὀπάζοι
924 2809 1023 2882 Pers.
1057 2819 1139 2902 762.
1178 2853 1226 2862 --
1263 2813 1420 2904 εἴργοι
1453 2809 1523 2904 Ag.
1559 2831 1653 2900 1027
1685 2804 1746 2900 (μή
1777 2831 1809 2880 c.
1840 2806 1914 2898 inf.)

53 2967 127 3013 non
156 2941 349 3015 admittere
379 2959 416 3014 ut
444 2969 502 3014 res
532 2944 604 3016 fiat.

211 3104 248 3176 Si
277 3106 355 3199 quis
397 3107 445 3178 ad
485 3131 561 3177 rem
607 3106 866 3200 perficiendam
906 3123 1013 3202 aptus
1056 3124 1106 3195 etl
1132 3107 1286 3178 idoneus
1330 3107 1458 3178 dicitur
1490 3107 1583 3176 haec
1625 3118 1838 3199 usurpantur
1866 3103 1915 3172 ab

54 3236 245 3333 Aeschylo
283 3238 480 3332 vocabula:
520 3242 733 3332 δύναμαι
769 3241 823 3311 Pr.
863 3265 947 3330 204.
987 3265 1071 3330 914.
1134 3241 1223 3313 Aliis
1269 3243 1357 3312 locis
1398 3244 1484 3332 ἒ-’χιο
1517 3241 1674 3336 positum
1706 3230 1923 3332 estquod

52 3372 211 3468 inprimis
241 3388 382 3467 gratum
411 3389 676 3469 acceptumque
706 3377 853 3446 verbum
888 3376 1065 3470 Aeschyli
1100 3377 1375 3448 videturesse:
1413 3378 1469 3449 Pr.
1501 3399 1560 3467 51.
1593 3385 1675 3461 264.
1707 3395 1793 3464 474.
1826 3375 1911 3464 683.

53 3509 128 3578 820
157 3525 222 3579 etc.
252 3507 480 3602 Aliquotiens
508 3511 575 3598 ἔχοι
603 3509 751 3603 propria
779 3537 844 3580 sua
872 3512 905 3582 vi
933 3511 1093 3583 habendi
1131 3513 1236 3582 utitur
1264 3528 1301 3583 ut
1338 3513 1370 3583 in
1400 3513 1503 3608 frgm.
1539 3519 1626 3601 196:
1656 3509 1797 3579 ἑλέσθαι
1824 3503 1913 3578 dorl-

51 3639 142 3712 rtv'
171 3645 220 3713 ἐκ
247 3648 398 3735 γαίας
430 3647 585 3714 λίθον
618 3646 769 3732 ἕξεις
813 3671 1076 3740 saepenumero
1110 3662 1262 3741 utraque
1299 3647 1353 3717 vis
1393 3662 1429 3716 et
1461 3645 1618 3717 habendi
1651 3660 1689 3714 et
1721 3641 1913 3737 potestatis

53 3777 246 3848 coniuncta
262 3792 326 3862 est,
341 3777 442 3850 velut
457 3779 510 3848 Pr.
544 3801 583 3870 51
618 3776 810 3850 κούδὲν
836 3778 1088 3852 uiuesceret
1100 3810 1120 3851 u
1149 3783 1259 3871 lym:
1288 3781 1370 3852 nihil
1398 3781 1521 3852 habeo
1548 3779 1647 3874 quod
1676 3777 1791 3848 dicam
1819 3775 1914 3856 sive;

50 3909 131 3982 nihil
161 3912 283 3985 dicere
312 3939 475 4009 possum,
505 3937 578 4007 quo
609 3939 653 3984 ex
679 3915 762 3985 loco
791 3915 891 3986 simul
918 3941 1025 4010 quem
1054 3915 1101 3986 ad
1142 3913 1288 3986 mhdum
1324 3913 1440 3986 altera
1474 3915 1526 3985 vis
1560 3939 1606 3984 ex
1638 3909 1751 3984 altera
1786 3925 1910 3980 exorta

51 4048 96 4118 sit
132 4045 230 4118 clare
262 4050 377 4120 vides
412 4095 462 4102 ——
500 4050 715 4136 ἐ’ξεοτιο
748 4049 803 4122 Pr.
842 4059 927 4138 649.
965 4049 1139 4121 Usitatius
1175 4066 1296 4120 autem
1331 4050 1402 4121 hac
1436 4073 1528 4119 voce
1562 4063 1619 4118 est
1652 4045 1908 4140 πάρεστιν

54 4180 141 4277 (Ag.
175 4182 276 4284 368),
306 4209 374 4278 pro
405 4209 477 4278 quo
504 4183 602 4254 haud
631 4206 713 4253 raro
744 4185 858 4254 solum
881 4184 1055 4254 invenitur
1082 4183 1216 4276 πάρα
1248 4183 1315 4277 (Pr.
1335 4187 1406 4278 54.)
1426 4180 1541 4255 semel
1569 4183 1646 4252 έοι
1680 4179 1736 4253 Pr.
1755 4203 1835 4269 294.
1860 4221 1911 4228 »-

50 4320 93 4388 ἕο
113 4345 196 4389 τιν
226 4317 297 4414 Ag.
329 4345 372 4410 32
382 4340 412 4409 5,
441 4319 538 4413 quod
568 4343 823 4412 nonnunquam
853 4315 1093 4412 personaliter
1121 4317 1319 4402 adhibetur,
1348 4319 1397 4389 uti
1426 4319 1525 4389 Pers
1558 4339 1642 4405 419.
1674 4315 1914 4384 θάλασσα

51 4427 192 4523 ὁὀὐκέτ’
233 4445 278 4544 ἦν
312 4455 406 4523 ἔδειν.
470 4453 582 4548 Apud
614 4453 814 4526 Homerum
852 4454 996 4548 quidem
1035 4453 1134 4524 verbi
1178 4452 1267 4523 εἶναι
1301 4479 1402 4525 usum
1443 4450 1552 4522 multo
1584 4448 1687 4522 latius
1724 4462 1912 4542 patentem

50 4587 255 4670 invenimus,
285 4588 420 4682 quippe
458 4590 556 4683 quod
593 4586 700 4682 plane
737 4588 891 4659 easdem
923 4604 1048 4682 partes
1084 4587 1295 4681 susceperit,
1332 4612 1422 4681 quas
1456 4586 1571 4658 verba
1603 4588 1701 4676 έχειν,
1737 4583 1912 4654 ιλύναολλαι

50 4737 177 4794 tenent
222 4723 265 4793 cf.
302 4721 335 4793 ll.
377 4723 400 4807 l,
432 4725 522 4794 688:
566 4727 720 4796 εἰσὶ,καὶ
754 4725 826 4792 οἵδε
859 4720 934 4792 τάδ’
959 4721 1120 4812 εἰπέμεν.
1181 4721 1336 4792 Secutus
1373 4720 1562 4814 Euripides
1605 4737 1664 4792 est
1699 4719 1909 4790 Homerum.

50 4856 258 4950 Aeschylus
285 4883 373 4928 vero
401 4855 482 4930 nihil
510 4858 713 4929 huiusmodi
752 4856 894 4928 dicendi
920 4857 1065 4952 generis
1092 4857 1125 4926 in
1153 4835 1355 4928 sermonem
1385 4881 1485 4926 suum
1513 4853 1700 4928 transtulit.
1736 4899 1785 4906 -—
1822 4849 1908 4920 ου’-

51 4995 137 5063 ιλέο
165 4990 259 5080 ἐστ’
287 4993 381 5078 ἐ’ξιο
414 4989 611 5086 δρόμου
645 4992 666 5063 i.
703 5018 734 5064 e.
771 4993 918 5080 έξεοτιν.
952 4991 1045 5063 Cho
1082 5013 1167 5081 514.
1203 4986 1422 5062 scholiastes
1456 4991 1505 5062 ita
1537 4988 1740 5086 explanavit
1772 4990 1907 5059 locum:

51 5129 120 5218 ἔξω
147 5135 211 5198 τοῦ
236 5128 476 5222 προκειμένου.
530 5125 704 5198 Pindarus
739 5125 948 5200 simillimam
985 5122 1256 5199 translationem
1288 5127 1476 5222 usurpavit
1509 5126 1612 5219 Pyth.
1649 5123 1707 5207 111,
1746 5149 1807 5214 39:
1839 5125 1907 5211 ἔξω
