4138 5758
1124 359 1165 426 47

193 563 303 654 ἐστίν.
328 563 331 572 “
358 555 473 652 Atqui
520 551 668 627 retineri
701 544 775 654 ego
811 579 956 652 nequeo
991 541 1088 650 quin*
1114 555 1390 629 artificiosiores
1426 553 1506 628 illos
1552 555 1763 627 declarandi
1789 555 1921 627 modos
1949 553 2025 626 exis

194 717 295 762 mem
316 717 423 786 quam
445 691 505 786 qui
526 691 692 763 omnibus
713 691 861 786 probari
880 692 1032 787 possint.
1064 691 1155 762 Hinc
1175 691 1296 787 potius
1323 689 1418 764 illam
1447 691 1593 764 dicendi
1625 691 1801 763 rationem
1818 689 2027 764 deducenda

199 853 288 898 esse
318 825 531 922 putaverim,
558 827 658 921 quod
685 823 793 920 plane
821 823 1085 898 eodemmodo
1106 823 1215 920 positi
1235 825 1304 898 sint
1330 823 1507 912 infinitivi,
1538 850 1611 920 quo
1638 825 1740 898 verbi
1767 825 1858 896 finiti
1888 851 2022 920 praese

196 978 344 1056 tempus
386 961 433 1032 de
469 962 577 1032 rebus
613 959 739 1032 futuris
772 961 937 1055 usurpari
969 959 1080 1047 solet,
1116 977 1155 1031 ut
1185 958 1363 1032 alacriore
1396 960 1584 1056 cogitandi
1622 958 1895 1056 eloquendique
1929 960 2027 1032 ratio:

197 1123 262 1167 res
291 1095 394 1190 quasi
421 1120 601 1190 praesens
629 1095 865 1168 describatur.
943 1141 946 1146 Δ
1039 1123 1041 1127 ·

361 1259 569 1331 Praesentis
599 1258 814 1330 infinitivum
832 1265 911 1354 'pro
932 1257 1056 1346 ,futuro
1084 1272 1291 1352 usurpatum
1321 1258 1450 1329 nullum
1481 1259 1578 1354 apud
1605 1255 1829 1352 Aeschylum
1857 1256 1983 1330 inveni.

206 1394 509 1490 Choephororum
559 1391 705 1488 quidem
756 1393 875 1465 fabula
912 1392 1029 1487 primo
1080 1393 1208 1464 obtutu
1255 1393 1433 1463 eiusmodi
1482 1383 1627 1464 exstare
1676 1391 1820 1463 videtur
1864 1393 2028 1486 exemplu

202 1556 238 1603 v.
285 1533 367 1612 282,
409 1529 469 1600 ubi
510 1528 596 1623 quid
651 1527 786 1623 Apollo
835 1527 1014 1598 minitatus
1064 1527 1111 1597 sit
1159 1541 1359 1599 enarratur:
1406 1527 1532 1612 λευκός
1582 1530 1620 1597 db
1672 1527 1799 1621 κόρσας
1849 1524 1923 1618 τῇό
1965 1529 2028 1596 ἐπα

202 1667 341 1733 τέλλει-ν
372 1663 478 1757 νόσφ.
533 1662 605 1754 Qui
639 1680 765 1735 tamen
799 1659 901 1733 locus
936 1686 1008 1733 non
1039 1661 1089 1732 sic
1118 1661 1246 1733 Latine
1279 1661 1553 1734 transferendus
1582 1678 1653 1733 est:
1683 1661 1762 1732 fore
1790 1678 1829 1733 ut
1858 1657 1951 1733 'cana
1979 1660 2028 1731 fia

202 1811 380 1892 tempora,
419 1797 487 1869 sed
527 1796 576 1868 ita
602 1799 740 1892 potius:
775 1821 971 1868 canescere
1003 1797 1123 1868 solere
1160 1795 1364 1890 parricidae
1399 1794 1562 1890 capillos
1627 1795 1801 1867 Perfacile
1838 1810 1958 1867 autem
1987 1795 2028 1865 b<

193 1957 356 2027 quoque
385 1929 470 2003 loco
498 1932 531 2003 in
561 1957 723 2004 errorem
750 1932 920 2026 rapimur:
948 1930 1051 2025 Sept.
1085 1949 1157 2020 749
1193 1906 1438 2018 (ἈπόλλωνοςΙ
1455 1935 1530 2024 τρὶς
1557 1928 1730 2024 εἰπόντος)
1761 1913 1965 2002 όνόσκοντα
1992 1933 2028 2021 γὲ

205 2093 271 2150 νας
310 2064 396 2161 ότερ
434 2067 565 2156 σώζειν
603 2066 716 2152 πόλιν,
757 2067 886 2161 quibus
925 2066 1046 2137 verbis
1087 2089 1162 2136 non
1197 2065 1283 2160 quid
1316 2091 1510 2137 evasurum
1546 2063 1593 2136 sit
1625 2064 1847 2159 exprimitur,
1883 2043 1951 2135 sed
1983 2090 2029 2160 qu

206 2202 320 2274 La'r‘us
346 2202 468 2272 facere
498 2228 519 2271 a
548 2202 621 2273 deo
655 2201 839 2273 iubeatur:
883 2217 940 2273 ter
972 2198 1110 2295 Apollo
1144 2201 1333 2295 imperavit
1368 2217 1406 2272 ut
1439 2199 1561 2271 liberis
1594 2224 1669 2270 non
1707 2175 1910 2294 procreatis
1944 2199 2028 2271 urbe

206 2353 381 2409 servaret.
827 2425 829 2437 Ι

366 2468 504 2542 Aoristi
533 2495 621 2542 vero
650 2469 859 2541 infinitivum
889 2469 1135 2565 compluribus
1162 2469 1252 2543 locis
1281 2470 1384 2542 futuri
1412 2471 1482 2541 vim
1511 2467 1685 2540 ascivisse
1711 2469 1891 2542 videmus

366 2605 420 2678 Pr.
452 2608 523 2676 668
552 2607 605 2675 κεί
629 2604 677 2697 μὴ
707 2604 804 2675 όέλοι
830 2606 1003 2699 πυρωπὸν
1029 2611 1067 2679 ἐκ
1096 2579 1180 2690 Διός
1206 2613 1327 2699 μολεῖν
1352 2604 1534 2700 κεραυνόν,
1563 2599 1601 2688 ὃς
1627 2611 1699 2675 πᾶν
1727 2603 1936 2692 ἐξαιστιόσοι
1961 2603 2028 2696 γὲνι

208 2739 266 2810 ubi
299 2738 600 2836 InacholApollo
636 2739 771 2811 Loxias
806 2740 971 2824 minatur,
1006 2742 1071 2814 nisi
1102 2741 1215 2813 filiam
1252 2741 1363 2812 domo
1403 2740 1602 2836 expulisset
1638 2755 1753 2811 totam
1794 2721 1942 2833 gentem
1977 2739 2028 2808 lot

208 2873 384 2945 Tonantis
419 2872 559 2946 fulmine
594 2875 807 2946 exstinctum
837 2875 887 2948 iri.
951 2875 1137 2967 Quocirca
1169 2881 1353 2968 μολεῖσθαι
1385 2875 1443 2948 vel
1478 2873 1550 2948 tale
1593 2874 1981 2969 quid'exspectamus,
2016 2898 2029 2944 t

207 3008 302 3080 bene
332 3007 483 3079 futurum
511 3009 719 3098 ἐξαιστιόσοι
746 3011 969 3094 conveniret,
1004 3011 1105 3083 sicuti
1141 3012 1243 3108 Sept.
1275 3034 1346 3104 445
1381 3011 1576 3082 consimilis
1614 3009 1799 3081 sententia
1826 3009 1878 3079 sic
1911 3007 2029 3080 effertt

209 3146 362 3213 πέποιθα
390 3139 519 3236 ‹l'ndcqi
546 3144 611 3232 ξόν
638 3147 714 3236 δίκῃ
741 3145 804 3216 τὸν
829 3145 1013 3240 πυρφόρον
1039 3141 1137 3238 ἥξειν
1164 3146 1345 3241 κεραυνόν.

365 3305 467 3400 Sept.
501 3307 584 3396 789.
615 3309 745 3401 ἐφῆκεν
770 3309 1058 3404 πικρογλώσσους
1093 3307 1181 3404 ἀρὰς
1216 3317 1275 3380 καί
1299 3333 1366 3400 σφε
1399 3308 1622 3402 σιδαρονόμῳ
1650 3306 1707 3378 διὰ
1741 3313 1818 3400 χερί
1842 3332 1928 3375 ποτε
1954 3312 2029 3394 lapi

204 3439 366 3532 arripare
402 3467 482 3514 cum
513 3443 655 3514 acerbis
683 3445 993 3518 exsecrationibus
1021 3443 1210 3539 praedixit,
1249 3443 1411 3515 manibus
1446 3443 1543 3514 ferro
1577 3440 1724 3513 armatis
1759 3439 1957 3535 aliquando
1985 3464 2029 3532 pc

204 3576 392 3648 sessiones
421 3578 501 3649 illos
530 3595 789 3673 occupaturos

366 3739 484 3811 Prima
519 3740 645 3835 specie
682 3740 839 3813 eandem
873 3742 1032 3814 fortasse
1063 3759 1269 3837 temporum
1303 3742 1607 3837 permutationem
1643 3740 1776 3812 factam
1815 3765 1899 3812 esse
1936 3737 2029 3810 iudic

205 3872 261 3942 bis
302 3872 404 3968 Sept.
450 3894 624 3967 720-—72
632 3896 649 3966 5
693 3876 846 3971 πέφρικα
886 3876 953 3947 τόν
990 3874 1194 3948 ὠλεσίοικον
1236 3875 1321 3947 θεόν
1351 3919 1400 3929 ....
1433 3923 1481 3932 --
1507 3876 1647 3947 τελέσαι
1677 3872 1742 3958 τός
1769 3919 1815 3930 -ν
1843 3918 1891 3926 --
1917 3899 2028 3966 κατικρ

212 4006 389 4080 Οἰόιπόόα.
459 4009 599 4081 Etenim
640 4026 836 4105 postquam
877 4009 1052 4083 Eteocles
1092 4028 1211 4084 semet
1249 4012 1366 4108 ipsum
1403 4037 1529 4084 manus
1564 4037 1645 4084 cum
1682 4011 1790 4105 fratre
1823 4024 2029 4080 consertum

208 4141 397 4237 professus
425 4158 490 4228 est,
519 4140 687 4215 mulieres
716 4143 921 4216 Thebanae
956 4147 1083 4218 timere
1119 4148 1287 4218 videntur
1322 4173 1367 4220 ne
1401 4147 1548 4219 infanda
1581 4146 1769 4218 calamitas
1808 4160 1983 4217 eventura
2012 4169 2029 4214 s

209 4276 286 4347 Sed
325 4277 397 4349 hoc
439 4279 561 4371 potius
601 4294 717 4372 pocta
757 4279 849 4361 dicit,
891 4280 1039 4352 chorum
1079 4296 1194 4353 totam
1228 4307 1347 4354 rernm
1390 4284 1638 4355 conditionem
1679 4298 1914 4377 praesentem
1954 4293 2029 4373 patr

209 4411 462 4484 exsecratione
503 4412 674 4484 effectam
715 4438 800 4484 esse
841 4430 1013 4487 censere:
1052 4441 1185 4488 vereor
1223 4443 1269 4490 ne
1310 4417 1521 4512 Oedipodis
1562 4417 1837 4490 exsecrationes
1878 4417 1947 4488 iam
1979 4440 2029 4486 nu:

208 4547 310 4620 nimis
338 4573 425 4620 vero
453 4565 587 4622 eventu
613 4550 908 4644 comprobentur.

366 4709 471 4810 Sept.
503 4720 588 4803 367.
622 4715 718 4796 ἐλπίς
748 4713 823 4784 ἐστι
854 4711 1028 4808 νύκτερον
1060 4713 1161 4800 τέλος
1196 4723 1327 4807 μολεῖν,
1361 4739 1435 4809 quo
1471 4713 1553 4786 loco
1589 4739 1840 4810 quamcunque
1874 4714 2029 4786 lectione

209 4845 391 4942 sequimur
423 4843 517 4918 illam
544 4846 708 4920 infinitivi
741 4847 866 4952 aoristi
901 4864 1116 4921 structuram
1150 4864 1352 4922 statuamus
1398 4866 1565 4945 oportet:
1606 4849 1828 4946 sperandum
1866 4866 1924 4921 est
1957 4850 2003 4944 (b.

209 5003 289 5052 cum
317 4981 447 5054 timore
475 4984 777 5078 exspectandum)
806 4981 1010 5054 adfuturum
1038 5009 1123 5055 esse
1150 4983 1266 5055 noctis
1293 4983 1462 5058 officium.

367 5113 492 5214 Suppl.
525 5117 599 5186 618
622 5125 678 5165 ’-·
703 5115 814 5210 Ζηνός
840 5113 947 5188 κότον
974 5119 1083 5210 με’-γον
1117 5123 1322 5212 προφωνῶν
1348 5111 1475 5210 μήποτ’
1515 5120 1649 5192 εἰσόπιν
1678 5117 1807 5214 χρόνον
1832 5116 1935 5190 πόλιν
1960 5143 2028 5214 παχ
