4138 5758
1134 295 1157 359 9

210 502 361 572 sormam
390 495 552 590 confugit
580 496 628 566 ob
657 520 813 591 eamque
854 492 972 567 solam
1005 510 1086 567 tota
1133 495 1353 568 emendandi
1392 494 1486 567 ratio
1530 492 1713 564 reicienda
1755 508 1820 576 est,
1858 518 1939 565 cum
1966 520 1999 565 m

211 635 379 706 librorum
409 631 625 703 auctoritate
654 631 742 702 satis
770 630 901 702 nitatur
928 654 1049 725 neque
1078 630 1155 702 aliis
1181 631 1271 703 locis
1299 628 1455 702 defendi
1481 629 1611 724 possit.

368 767 515 839 Tertius
553 765 711 860 denique
749 763 853 836 locus
893 780 1014 837 exstat
1047 765 1082 836 in
1125 764 1219 837 Cho.
1257 790 1290 838 v,
1339 766 1423 848 808,
1461 765 1521 836 ubi
1558 761 1805 835 aDindorsio
1846 761 1938 835 haec
1979 791 1999 833 v

145 932 148 937 ·
212 905 347 998 scripta
377 887 472 973 sunt:
513 893 552 972 eri
580 901 640 984 δὸς
667 898 804 971 ἀναδύν
832 899 941 992 δόμον
974 897 1112 995 ἀνδρός.
1168 897 1266 970 Libri
1298 923 1388 971 vero
1425 923 1556 970 omnes
1592 897 1772 993 praebent
1807 895 1956 982 ἀνιδεῖν,
1989 927 1999 969 r

147 1083 153 1094 ·
189 1085 190 1090 κ
213 1038 429 1110 scholiastes
456 1061 603 1131 quoque
631 1033 721 1130 legit
750 1033 948 1130 explicans:
975 1033 1181 1127 ἀναβλέψαι.
1236 1031 1401 1105 Insolens
1422 1057 1512 1106 sane
1539 1030 1622 1103 illud
1642 1035 1795 1106 verbum
1817 1050 1875 1106 est
1902 1050 1939 1106 et
1964 1061 1999 1129 pt

215 1178 375 1269 elegans,
402 1171 502 1267 quod
530 1167 651 1265 paullo
679 1188 767 1266 post
793 1172 942 1243 verbum
981 1167 1135 1265 simplex
1171 1173 1258 1241 ἰδεῖν
1286 1169 1471 1263 sequitur,
1499 1193 1614 1265 quare
1643 1169 1689 1239 ab
1716 1169 1929 1242 Hermanno
1956 1167 1999 1240 ἀν

218 1311 252 1381 in
279 1306 406 1400 ἀνέδην
431 1321 607 1378 mutatum
635 1322 700 1389 est,
728 1321 766 1376 ut
792 1305 884 1377 haec
914 1305 1090 1377 efficiatur
1117 1305 1315 1377 sententia:
1356 1307 1414 1377 sac
1453 1321 1493 1377 ut
1532 1302 1664 1377 domus
1692 1304 1759 1376 viri
1801 1302 1914 1376 libere
1946 1319 1982 1375 et

218 1443 484 1544 (Agamemno)
515 1439 639 1511 amicis
666 1438 778 1512 oculis
812 1466 858 1512 ex
896 1437 1098 1534 caliginoso
1130 1437 1309 1514 velamine
1346 1438 1534 1541 t'sepulcri)
1573 1441 1736 1536 aspiciat.
1795 1439 1908 1530 Quod
1941 1464 1964 1510 a

216 1579 330 1653 dorfio
358 1576 534 1648 ἀναδῦναι
558 1575 786 1669 propositum
814 1591 873 1647 est
909 1574 947 1645 id
980 1576 1028 1646 ad
1064 1576 1324 1648 sententiarum
1357 1601 1534 1648 conexum
1573 1577 1711 1672 optime
1753 1574 1936 1670 quadrare
1979 1599 2000 1644 n

216 1729 275 1786 est
300 1713 361 1807 qui
387 1728 514 1806 neget;
541 1708 609 1782 sed
636 1709 817 1804 superflua
849 1709 968 1781 existit
1006 1735 1076 1782 una
1110 1708 1261 1804 syllaba.
1319 1710 1439 1801 Quam
1475 1712 1523 1782 ob
1567 1737 1645 1783 rem
1685 1709 1822 1782 ἀναδῦν
1860 1709 2000 1781 scriben

219 1863 306 1931 erat,
339 1871 426 1942 »per
452 1869 649 1940 apocopen
677 1843 812 1915 dictum
838 1869 906 1940 pro
934 1828 1130 1916 ἀναδνναιι
1164 1842 1251 1945 (lex.
1280 1844 1418 1918 Aesch.
1439 1871 1467 1918 s.
1490 1872 1521 1915 v.
1542 1844 1768 1940 ἀναδύομαι).
1812 1845 1889 1917 Sed
1917 1871 1963 1915 ne
1991 1845 1999 1914 l

220 1981 364 2077 quidem
392 1981 542 2052 formam
577 1979 736 2073 arripere
769 1978 861 2051 licet.
919 1979 1012 2051 Nam
1042 2004 1164 2073 pauca
1197 1981 1342 2053 omnino
1378 1998 1460 2054 sunt
1494 1979 1662 2077 exempla
1688 1980 1935 2053 infinitivorum
1963 2005 1999 2050 a(

219 2115 380 2200 secundi,
422 2115 483 2209 qui
510 2115 546 2185 in
585 2109 739 2185 litteram
781 2142 802 2184 ν
829 2129 970 2200 exeant,
1014 2116 1060 2187 de
1102 2115 1231 2213 quibus
1266 2116 1446 2200 conferas
1476 2140 1631 2211 qnaes0,
1655 2115 1816 2189 Curtium
1845 2114 1999 2186 disseret

217 2252 239 2325 l.
268 2250 291 2325 1.
318 2251 357 2334 Π,
391 2272 474 2341 103.

376 2386 481 2458 Haec
508 2398 645 2458 tantum
675 2382 844 2480 exempla
872 2387 919 2458 ab
947 2410 993 2458 eo
1022 2386 1268 2482 proferuntur:

376 2529 491 2616 παοῆν
527 2567 581 2585 ==
607 2537 779 2615 παρεῖναι.
817 2565 867 2572 -
902 2523 968 2592 δῦν
999 2573 1052 2590 =-..
1085 2525 1188 2593 δῦναι
1226 2519 1292 2622 (de
1326 2523 1444 2594 sorma
1476 2521 1635 2616 simplici,
1669 2546 1741 2593 non
1782 2523 1829 2592 de
1872 2548 1999 2616 compc

376 2656 514 2729 mentio
540 2655 596 2758 fit)

376 2798 458 2883 φῦν,
488 2792 606 2864 forma
638 2790 745 2864 valde
780 2792 890 2864 dubia
921 2791 1020 2888 apud
1053 2793 1303 2865 Parmenidcm
1337 2819 1371 2888 p.
1407 2800 1465 2884 65,
1498 2793 1557 2865 ubi
1589 2793 1624 2865 in
1658 2793 1846 2865 codicibus
1884 2792 1995 2865 salsus

219 2953 361 2998 versus:
390 2922 541 3021 ὕστερον
568 2923 591 3019 ἢ
616 2926 775 3022 πρόοδον
802 2935 868 2999 coc'
894 2927 1046 3020 μηδενὸς
1072 2925 1273 3022 ἀρξάμενον
1301 2935 1419 3020 φῦναι.

377 3062 511 3158 Aeque
539 3065 668 3136 dubius
695 3078 752 3136 est
776 3061 963 3135 infinitivus
996 3080 1057 3135 ιιῑν
1091 3064 1127 3135 in
1152 3063 1264 3137 Anth.
1300 3063 1361 3149 XI,
1401 3087 1484 3154 140,
1513 3063 1573 3136 ubi
1600 3063 1676 3136 veri
1702 3061 1847 3136 similius
1873 3081 1932 3136 est
1959 3065 1998 3155 leg

221 3198 303 3272 dum
331 3225 417 3272 esse
443 3215 537 3270 πιεῖν
562 3223 642 3270 cum
669 3199 832 3292 synizesi.

377 3333 436 3406 Bis
464 3335 620 3431 denique
649 3336 737 3405 δοῦν
762 3334 942 3406 invenitur
968 3354 1053 3409 ante
1081 3334 1241 3419 vocales
1269 3361 1382 3430 quare
1410 3334 1597 3407 elisionem
1623 3350 1785 3407 statuere
1811 3334 1998 3429 praestabi

373 3468 471 3562 Quid
498 3468 613 3564 ergo?
639 3494 723 3540 num
750 3470 800 3542 ad
827 3470 1007 3543 eiusmodi
1044 3471 1196 3545 sormam
1229 3470 1423 3544 decurrere
1455 3467 1577 3565 placet
1610 3470 1658 3542 ad
1689 3469 1957 3542 emendandum
1991 3497 1998 3564 ι

214 3621 295 3686 tam,
324 3630 433 3699 quem
459 3603 651 3676 infinitivos
680 3606 726 3677 ab
753 3602 899 3700 reliquis
926 3607 1047 3700 poetis
1063 3607 1194 3678 Atticis
1225 3620 1420 3700 usurpatos
1446 3606 1562 3700 ipsum
1591 3629 1737 3700 quoque
1765 3630 1960 3699 usurpasse
1987 3631 1998 3677 ε

217 3738 314 3809 mus?
369 3738 551 3836 Equidem
581 3763 727 3823 cense0,
755 3740 865 3812 critici
899 3766 983 3812 esse
1018 3742 1117 3836 prius
1152 3766 1290 3813 summa
1324 3741 1511 3836 diligentia
1546 3764 1590 3811 ac
1617 3741 1782 3812 cautione
1810 3765 1903 3834 quae
1933 3756 1997 3811 ceo

214 3869 300 3964 quin
324 3892 460 3964 poetae
488 3874 715 3946 consuetudo
752 3875 799 3946 sit
833 3875 1025 3970 inquirere,
1071 3901 1179 3970 quam
1213 3872 1305 3948 tales
1342 3875 1478 3947 formas
1513 3875 1632 3970 eligat,
1665 3876 1794 3970 quibus
1821 3872 1890 3946 loci
1917 3899 1997 3946 corr

213 4022 392 4078 sanentur.
444 4012 570 4105 ltaque
598 4007 752 4097 lex'illa,
782 4035 890 4104 quam
918 4010 952 4082 in
981 4013 1145 4083 omnibus
1182 4010 1311 4084 sabulis
1343 4011 1627 4107 fragmentisque
1660 4007 1882 4102 Aeschylum
1910 4035 1997 4081 secu

213 4163 296 4211 esse
324 4139 484 4228 diximus,
512 4143 677 4217 Dindorfi
704 4144 869 4216 editione
898 4142 1037 4217 aboleri
1064 4145 1159 4219 nullo
1185 4147 1297 4218 modo
1323 4161 1458 4240 potest.
