4138 5758
1119 292 1159 358 37

190 494 289 564 ctivo
319 492 372 562 Pr.
407 496 486 583 165.
521 496 602 580 176.
636 510 721 578 719.
760 495 845 582 756.
881 514 967 579 991.
1015 506 1123 577 1027,
1157 490 1270 560 semel
1302 489 1336 560 in
1371 473 1591 583 fragmentis
1625 488 1753 583 quibus
1791 489 1957 560 omnibus
1985 488 2026 560 lor

189 624 411 700 vocabulum
440 652 582 722 negans
609 625 807 717 antecedit.
865 624 1003 696 Decies
1033 623 1148 694 octies
1180 623 1367 695 infinitivus
1399 623 1433 695 in
1466 649 1569 695 usum
1592 641 1747 696 vocatus
1776 639 1834 695 est
1862 638 1899 695 et
1925 625 2026 718 quide

191 778 368 859 quattuor
401 759 494 832 locis
527 775 614 856 post
647 759 830 830 enuntiata
863 757 1042 853 privativa
1076 783 1171 852 quae
1204 775 1398 830 vocantur:
1438 759 1532 853 Sept
1570 761 1679 849 1048.
1713 757 1838 854 Suppl.
1878 777 1960 850 772.
1993 780 2026 849 75

193 899 266 994 Ag.
304 901 413 984 10672
470 895 668 966 Tredecim
704 894 812 990 igitur
845 891 935 965 locis
972 893 1157 965 enuntiata
1198 893 1412 966 affirmantia
1449 895 1688 989 praecedunt,
1724 915 1818 990 quae
1856 911 1912 968 est
1947 920 2026 967 caus

198 1058 261 1105 cur
288 1031 324 1102 in
352 1029 515 1124 Herzogi
545 1027 723 1122 opinione
752 1029 988 1123 acquiescere
1023 1053 1093 1099 non
1128 1030 1278 1123 possim.
1342 1029 1412 1122 Qui
1449 1031 1503 1100 vir
1531 1029 1665 1101 doctus
1700 1033 1720 1102 l.
1749 1028 1769 1104 l.
1801 1037 1884 1126 πρίν
1911 1043 1947 1102 et
1962 1031 2026 1124 κάρ

194 1192 262 1263 pro
291 1164 473 1235 adverbiis
501 1164 716 1258 accipienda
744 1190 828 1236 esse
857 1179 1002 1254 censet3
1031 1189 1114 1234 nam
1144 1188 1226 1235 cum
1255 1165 1353 1260 apud
1383 1166 1582 1236 Homerum
1614 1165 1722 1238 etiam
1750 1165 1808 1235 ubi
1836 1191 1916 1237 cum
1944 1166 2026 1248 indit

195 1303 268 1373 tivo
297 1299 556 1402 coniungantur
584 1299 758 1370 adverbia
788 1300 866 1382 sint,
895 1324 936 1370 se
965 1323 1035 1380 non
1062 1298 1199 1386 videre,
1230 1324 1293 1370 cur
1326 1298 1497 1370 infinitivo
1529 1300 1835 1396 praegredientes
1861 1300 1931 1371 hae
1962 1325 2026 1372 voc

197 1435 289 1506 aliud
329 1433 415 1530 quid
458 1459 541 1505 esse
585 1433 763 1507 dicantur.
823 1436 942 1506 Recte
983 1459 1148 1528 vereque
1189 1435 1349 1506 nimirum
1389 1441 1471 1529 ,πρίν
1514 1449 1596 1506 ante
1631 1413 1780 1508 verbum
1820 1436 1956 1508 finitum
1993 1463 2026 1508 es

192 1569 406 1641 adverbium
441 1569 620 1652 iudicavit,
653 1553 721 1640 sed
763 1585 801 1640 ut
843 1569 952 1640 etiam
992 1585 1078 1640 ante
1117 1569 1321 1641 infinitivum
1357 1570 1407 1641 ita
1447 1567 1677 1666 intellegatur
1713 1569 1788 1641 fieri
1828 1567 1923 1642 nullo
1961 1597 2026 1642 mor

190 1720 328 1800 potest.
386 1703 555 1794 Quadrat
583 1705 675 1775 enim
704 1701 764 1775 illa
792 1704 969 1775 sententia
1003 1703 1038 1797 in
1073 1704 1268 1795 enuntiata,
1306 1729 1401 1800 quae
1435 1706 1599 1800 pendent
1632 1732 1654 1775 a
1681 1729 1775 1776 voce
1803 1722 1976 1802 negante,
2005 1703 2026 1777 s'=

189 1841 276 1935 quid
308 1839 371 1910 fiet
406 1839 599 1911 enuntiatis
635 1837 883 1910 affirmativis?
941 1833 1102 1932 Herzogi
1158 1839 1271 1911 modo
1309 1840 1540 1934 interpretari
1579 1865 1773 1936 possumus
1809 1842 1914 1912 locos
1955 1867 2026 1936 qua

151 1959 158 1980 ‘
195 1991 319 2047 exstat
359 1973 433 2068 Ag.
482 1979 578 2045 1066
618 1973 765 2064 χαλινὸν
807 1972 903 2045 δὀὐκ
945 1977 1128 2044 ἐπίσταται
1169 1977 1301 2069 φέρειν,
1340 1981 1423 2068 πρὶν
1455 1975 1651 2069 αἱματηρὸν
1687 1978 1939 2070 ἐξαφρίζεσθαι
1970 1981 2026 2068 μέν

199 2110 301 2182 frena
339 2109 434 2180 serre
469 2109 596 2192 nescit,
626 2125 734 2179 antea
771 2109 856 2203 (fiat,
884 2107 939 2209 ut)
969 2109 1207 2204 sanguineam
1236 2127 1404 2205 espumet
1429 2111 1646 2182 violentiam.
1703 2111 1780 2182 Sed
1808 2111 1894 2206 quid
1922 2111 2026 2184 tande

194 2245 319 2316 facere
347 2245 399 2316 vis
426 2244 591 2316 versibus
618 2241 732 2337 qualis
761 2260 818 2316 est
843 2245 898 2316 Pr.
930 2246 1001 2335 825
1037 2240 1167 2338 diupo
1201 2253 1323 2338 μολεῖν
1356 2245 1448 2340 δεῦρ’
1485 2247 1748 2340 ἐκμεμόχθηκεν
1783 2247 1919 2342 φράσεν.
1975 2247 2026 2320 Hc

193 2378 281 2472 zogi
323 2379 415 2450 enim
443 2378 473 2449 si
504 2403 673 2473 premere
705 2375 869 2449 volumus
902 2379 1061 2474 vestigia
1097 2381 1147 2451 ita
1177 2380 1391 2452 vertendum
1424 2398 1500 2453 est:
1534 2381 1727 2454 ostendam
1759 2408 1851 2478 quos
1888 2409 2023 2480 perpes

198 2513 244 2584 sit
270 2511 419 2584 labores
448 2529 485 2584 et
512 2537 715 2595 aerumnas,
742 2527 852 2583 antea
881 2513 966 2608 that,
1002 2529 1049 2600 ut,
1076 2517 1135 2588 vel
1166 2517 1238 2587 tale
1273 2515 1359 2610 quid
1383 2515 1625 2611 supplendum
1654 2533 1719 2602 est,
1753 2543 1836 2590 nam
1861 2517 2026 2590 infinitivo

203 2647 410 2717 absolutum
438 2662 563 2718 notum
591 2663 649 2718 est
676 2669 748 2718 non
789 2648 953 2742 usurpari
983 2647 1049 2720 nisi
1084 2675 1128 2720 eo
1162 2651 1314 2722 consilio
1347 2667 1386 2722 ut
1421 2652 1575 2722 futurum
1608 2652 1741 2746 aliquid
1768 2652 1991 2749 designetur)
2023 2701 2026 2708 -

197 2799 316 2864 antea,
353 2781 509 2875 inquam,
545 2781 614 2852 huc
640 2781 774 2852 veniat.
832 2768 926 2852 Huic
953 2807 1041 2854 vero
1074 2785 1235 2857 versioni
1277 2803 1338 2857 aut
1369 2785 1466 2858 nulla
1498 2787 1642 2858 omnino
1670 2788 1853 2859 sententia
1887 2787 1981 2861 inest
2015 2813 2026 2858 ε

197 2916 381 2987 contraria
413 2932 514 2988 certe
548 2931 659 3010 atque
697 2915 809 2986 edere
842 2913 921 2986 vult
954 2918 1142 3013 debetque
1179 2937 1303 3015 poeta.
1364 2919 1496 2994 Eluc'et
1529 2939 1660 3006 autem,
1701 2940 1740 2994 ut
1766 2923 1904 3016 opinor,
1939 2949 1984 2994 ex
2015 2923 2026 2994 l

202 3049 390 3145 exemplis,
422 3049 505 3122 inde
544 3051 607 3121 viri
648 3051 749 3122 docti
787 3075 948 3124 errorem
985 3069 1102 3124 ortum
1143 3080 1242 3141 esse,
1283 3057 1384 3152 quod
1422 3059 1599 3130 rationem
1636 3057 1888 3129 affirmativam
1924 3083 2026 3153 prors

205 3184 370 3282 neglexit
398 3200 507 3256 etex
534 3186 711 3257 nonnullis
739 3185 786 3256 de
815 3187 981 3257 omnibus
1009 3189 1100 3260 locis
1130 3191 1374 3264 coniecturam
1401 3194 1498 3266 fecit.

360 3319 472 3412 Quod
500 3320 597 3415 apud
627 3320 829 3392 Homerum
856 3323 1023 3394 iteratum
1059 3324 1133 3397 hoc
1168 3326 1387 3401 vocabulum
1414 3327 1553 3426 legitur,
1582 3347 1621 3401 ut
1648 3331 1682 3400 in
1709 3345 1865 3424 utroque
1894 3329 2026 3402 enuntia

200 3461 283 3549 πρίν
309 3457 467 3550 positum
495 3456 549 3538 sit,
577 3457 708 3528 nullum
733 3441 938 3528 huiusmodi
975 3463 1179 3554 exemplum
1220 3461 1318 3556 apud
1346 3461 1574 3557 Aeschylum
1606 3465 1753 3535 inveniri
1787 3480 1922 3558 potest,
1951 3490 2026 3558 qua

202 3615 311 3684 quam
357 3589 536 3660 interdum
570 3591 620 3661 uti
654 3591 751 3685 apud
791 3591 992 3664 Homerum
1030 3595 1195 3668 adverbii
1242 3623 1391 3670 munere
1422 3601 1538 3671 verbo
1576 3624 1647 3671 non
1685 3618 1862 3694 sequente
1909 3600 2026 3694 [ungit

204 3721 303 3795 velut
334 3725 390 3796 Pr.
430 3743 515 3813 700.
578 3724 660 3795 Uno
694 3726 840 3820 quidem
872 3731 958 3800 loco
997 3731 1133 3825 repertori
1172 3731 1323 3804 easdem
1364 3733 1464 3806 vices
1498 3734 1708 3828 suscepisse
1746 3733 1904 3809 videtur:
1945 3735 2021 3829 Sup

211 3856 285 3943 788
312 3862 448 3952 θέλοιμι
478 3856 554 3930 δᾶν
579 3868 752 3954 μορσίμου
767 3863 904 3956 προπρὸ
930 3881 1048 3954 τυχεῖν
1075 3868 1113 3937 ἐν
1141 3863 1311 3960 ἀρτάναις
1336 3863 1339 3966 l
1365 3875 1447 3962 πρὶν
1474 3865 1571 3963 ἄνδρ’
1600 3867 1778 3940 ἀπευκτὸν
1805 3861 1876 3940 uide
1900 3873 2026 3964 χριμφὶ

210 4017 268 4062 ναι
294 3999 379 4083 χροΐ.
434 3995 579 4066 Tamen
607 4022 653 4068 ne
680 3995 775 4068 haec
802 3997 951 4092 quidem
979 4002 1157 4094 scriptura
1189 4000 1285 4074 libris
1313 4029 1419 4074 manu
1447 4003 1589 4098 scriptis
1621 4004 1748 4087 nititur,
1777 4007 1845 4075 sed
1872 4031 1893 4075 a
1922 4004 1967 4075 G.
1994 4005 2026 4074 l]

206 4124 329 4196 dorfio
356 4142 471 4200 metro
499 4128 709 4224 postulante
739 4131 775 4202 in
801 4147 938 4205 textum
971 4133 1067 4206 illata
1101 4152 1167 4224 est,
1207 4139 1276 4209 etsi
1307 4165 1329 4208 a
1355 4139 1473 4233 poetis
1502 4139 1649 4232 tragicis
1677 4136 1771 4211 nullo
1797 4137 1881 4211 loco
1908 4165 2026 4234 usurpz

207 4258 328 4332 forma
358 4260 406 4331 ab
433 4261 631 4357 Apollonio
660 4265 808 4338 Rhodio
837 4284 895 4339 est
922 4271 1047 4362 petita.

364 4396 472 4468 Nunc
507 4402 676 4494 quoniam
710 4427 805 4496 quae
843 4405 889 4474 de
927 4405 1064 4477 articuli
1096 4424 1180 4479 ante
1222 4409 1425 4480 infinitivum
1460 4433 1525 4480 usu
1557 4408 1712 4481 dicenda
1743 4426 1824 4481 sunt
1856 4410 1891 4481 in
1926 4409 2026 4481 medi

211 4528 423 4624 protulimus
451 4551 612 4609 nostrum
647 4553 707 4634 est
734 4561 868 4622 eornm,
902 4565 996 4634 quae
1029 4543 1075 4612 de
1108 4543 1266 4616 infinitivi
1298 4545 1396 4638 apud
1427 4542 1653 4639 Aeschylum
1683 4545 1824 4637 syntaxi
1856 4545 1974 4616 adhuc
2009 4543 2026 4612 d

208 4667 387 4739 seruimus
414 4695 592 4744 summam
618 4674 743 4746 lacere
773 4675 972 4769 paucisque
1001 4702 1095 4770 quae
1123 4677 1321 4749 efficiantur
1347 4677 1555 4774 complecti.

367 4801 480 4898 Apud
522 4805 723 4880 Homerum
760 4809 902 4880 etiamsi
941 4811 1112 4883 maiorem
1152 4811 1360 4907 simplicium
1402 4817 1595 4887 verborum
1636 4814 1791 4909 copiam,
1820 4856 1867 4866 —-
1899 4813 2024 4885 confer

213 4958 365 5027 quaeso,
391 4938 550 5034 exempli
578 4968 690 5013 causa
716 4945 829 5016 verba
855 4944 1026 5017 hortandi
1054 4948 1128 5019 sive
1155 4949 1268 5020 verba
1302 4948 1439 5032 orandi,
1472 4975 1566 5044 quae
1599 4950 1740 5044 utrique
1774 4950 1909 5044 poetae
1936 4947 2026 5043 placi

209 5085 289 5144 tunt
324 5117 374 5128 --
411 5075 510 5170 apud
542 5073 765 5171 Aeschylum
797 5081 976 5153 variarum
1008 5083 1230 5160 locutionum
1270 5099 1355 5160 ante
1394 5082 1600 5158 infinitivum
1636 5083 1852 5160 invenimus:
1894 5098 2016 5160 tamen
