4138 5758
958 337 999 384 10

292 737 419 870 ¹lle
467 738 708 910 syntaxi
751 531 1036 873 inuiiiiii
1079 532 1239 908 {alliud
1283 738 1658 912 Aeschylum.

399 948 435 1042 fi.
465 948 491 1019 1.
547 947 649 1043 Quid
676 948 922 1020 statuendum
944 949 996 1020 sit
1024 948 1072 1019 de
1099 949 1251 1040 origine
1278 958 1319 1020 et
1344 949 1383 1019 vi
1410 950 1603 1022 infinitivi.

222 1111 360 1183 Natura
386 1109 545 1182 infinitivi
572 1109 627 1181 his
660 1112 805 1183 demum
838 1109 1028 1182 decenniis
1062 1126 1259 1205 postquam
1286 1133 1385 1181 nova
1412 1109 1611 1206 linguarum
1647 1113 1740 1186 inter
1766 1138 1807 1186 se
1835 1138 1932 1185 com·
2002 1143 2008 1152 ·

64 1247 253 1341 paratione
296 1248 430 1344 multae
457 1245 542 1316 artis
576 1245 838 1340 grammaticae
878 1260 1002 1339 partes
1033 1243 1199 1316 illustrari
1233 1260 1394 1340 coeptae
1427 1262 1524 1333 sunt,
1565 1247 1755 1341 patefacta
1784 1264 1822 1320 et
1853 1273 1932 1341 per-

66 1397 195 1475 specta
221 1396 287 1452 est
330 1380 469 1452 Nostra
496 1380 603 1477 igitur
630 1395 752 1476 aetate
780 1380 874 1452 inter
901 1402 1026 1451 omnes
1050 1395 1194 1451 constat
1218 1377 1450 1474 plurimisque
1477 1378 1759 1453 similitudinibus
1786 1383 1933 1454 demon-

64 1531 212 1586 stratum
239 1531 297 1586 est
321 1515 415 1586 hanc
443 1514 544 1586 verbi
571 1513 749 1600 formam,
765 1539 860 1609 quae
888 1514 1116 1609 proprietate
1136 1538 1202 1584 sua
1229 1513 1324 1584 inter
1351 1529 1497 1585 ceteras
1524 1516 1581 1586 vel
1607 1515 1761 1587 maxime
1790 1515 1929 1589 excellit

65 1674 189 1722 casum
219 1650 404 1745 quendam
434 1673 518 1721 esse
545 1648 761 1719 substantivi
788 1645 957 1730 verbalis
988 1648 1088 1720 cuius
1124 1663 1274 1719 ceterae
1316 1647 1455 1720 formae
1482 1673 1610 1720 omnes
1639 1651 1858 1738 evanuerint,
1888 1653 1924 1722 id

64 1787 163 1880 quod
191 1787 324 1858 nostris
350 1783 574 1879 temporibus
603 1783 754 1878 primurn
782 1771 1050 1878 pronuntiatum
1079 1797 1137 1854 est
1156 1808 1179 1853 a
1197 1783 1340 1877 Boppio
1366 1781 1400 1853 in
1430 1783 1694 1879 coniugationis
1728 1801 1924 1879 systemate

62 1919 250 2014 multoque
277 1919 347 1990 iam
378 1934 462 1991 ante
492 1933 656 2000 nostrum
685 1914 867 1989 saeculum
896 1943 918 1988 a
946 1917 1142 1989 clarissimo
1172 1916 1337 1990 Indorum
1363 1919 1603 2012 grammatico
1632 1919 1755 1990 Panini
1782 1921 1927 1992 doctum

63 2070 143 2126 erat
171 2053 216 2127 cs.
246 2051 336 2147 lolly
364 2079 397 2149 p.
427 2077 476 2144 49
492 2056 532 2147 ¹).

220 2191 257 2260 ln
286 2214 331 2261 ea
358 2185 488 2282 lingua,
516 2187 551 2258 in
580 2212 653 2282 qua
681 2202 804 2259 nostra
824 2187 995 2282 quaestio
1020 2205 1197 2271 versatur,
1227 2213 1273 2259 ea
1305 2204 1443 2260 tantum
1469 2187 1596 2261 suffixa
1623 2204 1804 2272 occurant,
1832 2214 1928 2284 quae

62 2325 120 2395 vel
161 2320 352 2395 locativum
393 2324 450 2393 vel
492 2320 652 2394 dativum
694 2320 890 2416 designent
932 2321 975 2394 cs.
1018 2321 1181 2394 Curtium
1208 2319 1228 2392 l.
1257 2319 1277 2394 l.
1307 2322 1335 2392 ll
1363 2348 1398 2418 p.
1435 2346 1517 2414 104.
1587 2324 1682 2395 Nihil
1710 2340 1769 2396 est
1798 2339 1928 2409 autern,

63 2457 165 2552 quod
192 2457 283 2529 inter
309 2456 380 2528 hos
408 2481 515 2527 casus
544 2455 690 2539 intersit,
719 2456 767 2528 de
797 2481 936 2552 quare
966 2455 1110 2528 Curtius
1135 2457 1156 2527 l.
1172 2453 1289 2551 lllp
1336 2477 1404 2546 107
1435 2456 1505 2529 hoc
1533 2457 1741 2552 praecepit:
1778 2459 1928 2530 »Natiir-

62 2590 133 2662 lich
162 2591 287 2663 wiirde
314 2615 386 2663 von
416 2591 535 2662 einem
565 2589 1061 2684 Bedeutungsunterschiede
1082 2590 1259 2663 zwischen
1287 2618 1392 2682 μεναι
1419 2591 1491 2664 und
1519 2619 1585 2683 μεν
1613 2592 1708 2664 eben
1737 2617 1781 2664 so
1810 2595 1928 2692 menig

63 2726 122 2797 die
164 2723 272 2797 Rede
313 2725 393 2796 sein
434 2724 589 2808 konnen,
636 2697 703 2796 wie
744 2725 792 2795 im
833 2723 1000 2798 Sanskrit
1041 2725 1224 2797 zwischen
1264 2725 1337 2796 den
1379 2750 1444 2797 aus
1474 2725 1633 2798 Dativen
1662 2727 1734 2803 und
1761 2728 1833 2799 den
1862 2753 1927 2799 aus

64 2860 264 2932 Locativen
306 2875 601 2955 entsprungenen
635 2857 952 2933 Infinitivsormen.«
1026 2860 1132 2932 Hunc
1173 2858 1319 2956 quidem
1352 2861 1385 2931 in
1414 2862 1563 2933 modum
1599 2886 1694 2961 quae
1733 2861 1817 2935 olim
1847 2879 1928 2934 erat

64 2995 156 3068 inter
186 2994 285 3066 viros
321 2993 453 3067 doctos
487 2993 742 3066 controversia
775 2994 913 3089 optime
948 2995 1186 3090 componitur.
1246 2993 1342 3066 Nam
1377 3011 1486 3068 antea
1523 2994 1581 3066 alii
1615 3021 1637 3066 a
1673 2997 1754 3067 solo
1792 2997 1924 3080 dativo

65 3127 121 3201 alii
149 3155 171 3200 a
199 3126 354 3202 locativo
380 3128 582 3201 infinitivum
603 3127 751 3201 ducere
787 3126 965 3218 solebant,
998 3146 1037 3202 ut
1071 3128 1175 3225 quasi
1208 3128 1244 3202 in
1278 3129 1368 3201 duas
1404 3147 1530 3225 partes
1568 3129 1635 3200 viri
1670 3131 1773 3202 docti
1810 3130 1922 3202 disce·

65 3265 203 3347 decent,
236 3288 390 3358 quorum
425 3263 587 3358 Boppius
631 3277 797 3357 (gramm.
832 3287 993 3358 compar.
1029 3264 1080 3348 Ill,
1119 3286 1191 3356 323
1226 3267 1342 3360 sqq),
1377 3265 1417 3335 L.
1452 3265 1597 3358 Meyer,
1631 3266 1806 3360 Langiu3‚
1840 3263 1925 3336 Del-

63 3399 255 3472 brueckius
296 3396 465 3488 dativum,
497 3396 651 3480 Curtius
689 3396 979 3482 Schoemannus,
1018 3395 1232 3472 Schleicher
1263 3399 1458 3470 locativum
1484 3399 1728 3494 praeferrent,
1768 3400 1817 3472 de
1855 3426 1925 3496 qua

64 3533 292 3605 dissensione
321 3554 366 3604 ac
394 3529 547 3603 discidio
577 3531 797 3626 disputatum
832 3547 890 3604 est
918 3558 940 3602 a
973 3531 1099 3604 Curtio
1133 3533 1168 3604 in
1203 3531 1517 3628 explanationibus
1547 3536 1595 3607 ad
1626 3558 1777 3630 gramm.
1806 3533 1923 3606 schol.

64 3665 254 3762 scriptis2).

222 3799 333 3894 Quod
365 3823 447 3872 cum
480 3800 531 3872 ita
563 3799 609 3872 sit
640 3787 829 3873 infinitivus
864 3801 914 3873 sic
948 3801 1085 3875 definiri
1124 3819 1267 3898 potest,
1311 3820 1351 3876 ut
1384 3801 1430 3877 sit
1468 3805 1609 3879 dativus
1643 3809 1703 3879 vel
1746 3804 1929 3877 locativus

66 3935 280 4007 substantivi
318 3931 492 4018 verbalis,
527 3932 639 4006 multo
673 3950 792 4007 tamen
827 3937 976 4031 propius
1010 3963 1119 4031 quam
1152 3953 1280 4034 cetera
1321 3939 1441 4010 omnia
1481 3941 1705 4012 substantiva
1744 3939 1791 4012 ad
1827 3940 1933 4011 verbi

68 4087 231 4142 naturam
261 4068 487 4152 accedentis,
526 4068 562 4139 id
597 4069 696 4163 quod
727 4068 811 4142 inde
846 4094 995 4165 quoque
1021 4071 1196 4164 sequitur,
1231 4071 1333 4165 quod
1361 4072 1550 4146 infinitivus
1578 4091 1780 4169 temporum
1807 4073 1925 4168 gradi-

66 4206 133 4276 bus
168 4203 334 4277 dcfinitus
374 4220 450 4286 est,
477 4218 516 4274 ut
556 4202 715 4275 infinitivi
755 4205 904 4276 actionis
942 4204 1107 4288 infectae,
1136 4206 1347 4301 perfectae,
1375 4208 1488 4294 futuri,
1516 4207 1641 4280 aoristi
1668 4205 1929 4291 discernantur,

67 4340 199 4411 deinde
226 4338 324 4434 quod
351 4339 496 4412 diversa
523 4337 676 4409 actionis
716 4362 858 4432 genera
889 4341 1091 4433 (διαθέσεις)
1122 4365 1168 4412 ea
1197 4341 1310 4414 forma
1344 4345 1492 4438 exprimi
1525 4357 1686 4436 possunt,
1715 4359 1752 4414 ut
1779 4341 1826 4413 sit
1854 4341 1925 4414 infi-

67 4475 193 4546 nitivus
220 4473 337 4557 activi,
364 4472 507 4568 passivi,
537 4471 662 4560 medii,
703 4487 777 4544 tum
811 4475 909 4566 quod
943 4471 1111 4545 infinitivo
1148 4477 1272 4569 posito
1303 4479 1504 4549 subiectum
1537 4500 1682 4572 semper
1707 4475 1922 4564 indicatur³);

210 4737 230 4821 1)
270 4739 295 4819 J.
329 4740 417 4820 lolly,
451 4739 643 4804 Geschichtc
673 4741 730 4804 des
758 4741 911 4807 Infinitivs
941 4747 984 4808 im
1007 4748 1341 4829 Indogermanischen.
1403 4749 1565 4812 Milnchen
1600 4753 1691 4830 1873.
1735 4749 1828 4811 Viam
1859 4745 1921 4806 iam

276 4847 436 4927 praeierat
471 4847 635 4928 Eugenius
667 4847 864 4922 Wilhelmus,
897 4852 936 4912 de
967 4851 1114 4916 Infinitivi
1156 4855 1332 4934 linguarum
1368 4855 1542 4918 sanseritae
1570 4866 1629 4919 etc.
1663 4855 1763 4916 forma
1790 4860 1823 4915 et
1854 4872 1922 4914 usu.

277 4951 397 5014 Isenaci
433 4955 522 5032 1872.
1024 4945 1028 4953 ’

210 5070 232 5151 ²)
275 5067 530 5150 Erlauterungen
554 5092 592 5132 zu
616 5072 738 5133 meiner
759 5073 978 5153 griechischen
1002 5074 1304 5156 Schulgrammatik,
1329 5079 1378 5141 ed.
1405 5079 1457 5144 lll.
1483 5079 1572 5160 Prag.
1602 5078 1692 5155 1876.

207 5181 229 5264 ³)
272 5185 317 5247 Cf.
345 5183 382 5247 G.
407 5187 442 5252 F.
466 5185 679 5262 Schoemann,
705 5209 758 5250 zur
780 5189 885 5252 Lehre
907 5211 982 5254 vom
1004 5191 1149 5255 Infinitiv.
1172 5193 1290 5261 Annal.
1313 5193 1510 5260 Fleckeisen.
1539 5195 1629 5273 1869,
1652 5215 1683 5274 p.
1709 5195 1780 5253 216.
