4138 5758
1129 279 1170 349 19

985 583 1171 716 111111
1216 584 1311 716 lll.

212 810 605 960 1111111111111111
643 819 798 988 opud
822 626 1186 988 hooohylhm
1221 817 1589 986 temporibus
1628 819 1824 988 oopita
1849 820 2019 952 ooloot

463 1134 488 1227 ξ
517 1132 543 1203 l.
573 1131 773 1227 Quomodo
801 1133 944 1201 factum
972 1129 1025 1200 sit
1053 1136 1095 1199 111
1120 1108 1294 1222 tenipora
1322 1129 1504 1200 infinitivi
1531 1129 1828 1222 distinguantur.

369 1366 579 1438 Infinitiuum
607 1391 716 1460 quem
744 1364 896 1436 nominis
926 1362 1084 1435 verbalis
1117 1389 1240 1436 casum
1272 1389 1358 1435 esse
1395 1365 1726 1437 demonstravimus
1764 1365 1991 1437 manifestum

211 1503 372 1598 primitus
401 1518 609 1595 temporum
641 1500 845 1571 differentia
873 1499 1033 1571 caruisse
1057 1496 1272 1595 (Herzogl.
1294 1497 1315 1572 l.
1337 1502 1414 1594 pu
1449 1501 1537 1571 »der
1564 1498 1716 1570 infinitio
1753 1501 1805 1570 als
1836 1525 1920 1572 vom
1958 1501 2019 1571 1611

211 1634 481 1709 Verbalstamm
508 1633 673 1729 gebildet
702 1637 748 1707 ist
768 1632 943 1705 aunachst
962 1633 1170 1705 indifferent
1190 1659 1315 1731 gegen
1336 1633 1395 1706 die
1416 1633 1894 1730 Tenrpusuntersclriedeo).
1935 1633 2019 1706 htv«

208 1772 338 1844 dixerit
365 1771 554 1866 quispiam,
583 1796 666 1842 num
695 1785 732 1840 tu
759 1768 986 1863 persuadere
1013 1769 1117 1839 nobis
1152 1769 1345 1841 conaberis
1377 1788 1546 1866 tempora
1579 1769 1738 1842 infinitivi
1777 1797 1799 1840 a
1830 1771 2019 1842 vetustissi

208 1905 445 1979 monumentis
473 1930 518 1978 ac
545 1903 683 1992 11116111,
714 1929 806 1999 quas
843 1905 878 1974 in
916 1903 1078 1975 manibus
1110 1929 1179 1975 nos
1212 1905 1403 1990 habemus
1439 1906 1597 1978 abesse?
1639 1906 1769 1978 Nonne
1805 1921 1843 1977 et
1875 1932 2019 2001 11116161

207 2059 247 2113 61
273 2041 495 2136 praeteritae
524 2057 562 2111 et
591 2040 731 2111 suturae
766 2007 933 2110 16110111ο
951 2055 1073 2110 exstat
1106 2039 1316 2112 infinitivus?
1356 2040 1433 2110 Sed
1460 2041 1552 2113 haec
1589 2040 1832 2136 repugnantia
1870 2042 2019 2113 offensi(

209 2177 289 2248 nihil
316 2177 456 2249 habere
484 2191 620 2272 potest,
650 2175 679 2246 si
707 2174 780 2245 duo
808 2175 841 2246 in
870 2200 937 2245 osu
965 2173 1120 2245 infinitivi
1153 2173 1357 2247 excolendo
1393 2176 1513 2270 spatia
1545 2175 1837 2263 internoscimus,
1874 2203 1971 2272 quae
2009 2178 2017 2247 i

207 2339 318 2408 supra
366 2338 444 2383 cum
484 2311 728 2383 accusativum
764 2334 843 2381 cum
877 2307 1049 2380 infinitivo
1086 2335 1189 2380 usum
1220 2311 1362 2408 longius
1396 2308 1619 2405 divulgatum
1653 2311 1920 2406 explicaremus
1953 2309 2020 2382 leui

206 2448 402 2542 attigimus
447 2447 550 2518 Initio
588 2446 734 2542 quidem
763 2444 955 2516 infinitivos
992 2445 1172 2515 habemus
1201 2470 1268 2516 nec
1295 2471 1434 2539 genere
1461 2470 1531 2518 nec
1558 2446 1733 2540 gradibus
1761 2447 1939 2541 temporis
1960 2446 2019 2518 dis

205 2601 297 2655 ctos,
364 2581 515 2692 Deinde¹
537 2578 723 2676 paullatim
755 2573 793 2651 et
826 2605 967 2673 genera
1003 2596 1041 2651 et
1068 2581 1204 2674 gradus
1234 2597 1480 2654 accesserunt.
1538 2580 1594 2653 Ac
1626 2583 1776 2676 primum
1804 2582 2018 2676 sortassep

206 2717 378 2788 aoristum
407 2716 613 2810 praesentis
642 2715 830 2787 infinitivus
866 2715 969 2786 lictus
1004 2731 1041 2786 et
1078 2715 1253 2786 formatus
1290 2732 1348 2787 est
1381 2716 1438 2808 (cl.
1476 2714 1566 2810 lolly
1602 2742 1638 2811 p.
1679 2719 1780 2812 232),
1820 2732 1858 2787 ut
1894 2717 1990 2788 actio

207 2851 366 2924 conditio
395 2851 536 2922 durans
555 2849 611 2922 uel
639 2851 772 2923 factum
800 2851 928 2922 iterum
956 2851 1161 2946 iterumque
1189 2851 1382 2945 repetitum
1412 2851 1459 2923 ab
1488 2852 1632 2923 actione
1664 2866 1923 2923 momentanea
1943 2851 2018 2922 disc

205 3003 357 3060 neretur.
414 2986 569 3058 Perteeti
600 3003 722 3058 autem
755 2985 945 3057 infinitivus
980 2988 1029 3057 ad
1062 2986 1241 3058 actionem
1274 2985 1307 3056 in
1345 3011 1386 3056 se
1422 2983 1530 3079 plane
1567 2985 1769 3081 perlectam
1806 2987 2017 3082 exprimend

205 3123 351 3195 additus
388 3138 456 3194 est.
513 3121 651 3192 Aoristi
688 3120 822 3193 deinde
858 3120 1065 3192 infinitivum
1097 3120 1358 3214 significatione
1395 3119 1613 3216 amplificata
1650 3122 1754 3216 quasi
1790 3121 1911 3194 denuo
1945 3122 2018 3194 Gra

210 3259 430 3342 effinxerunt,
472 3276 510 3329 ut
554 3257 601 3328 ad
630 3281 747 3350 genus
784 3256 892 3328 etiam
925 3257 1063 3349 gradus
1098 3256 1274 3351 temporis
1302 3257 1500 3328 accederet
1535 3272 1646 3353 atque
1681 3257 1779 3329 actio
1812 3271 1896 3329 ante
1928 3255 2018 3328 alter

205 3393 301 3466 lacta
327 3393 475 3464 indicari
502 3407 643 3487 posset.
684 3392 851 3487 Denique
881 3407 918 3463 ut
947 3391 1045 3486 quod
1075 3416 1269 3462 evasurum
1289 3391 1334 3462 sit
1354 3391 1574 3484 significetur
1595 3391 1699 3463 futuri
1720 3389 1908 3463 infinitivus
1930 3393 2018 3464 exsti

364 3529 467 3599 Haec
503 3543 623 3599 autem
664 3527 815 3598 mutatio
854 3527 1014 3597 nimirum
1053 3542 1127 3596 tum
1166 3525 1311 3598 demuin
1353 3525 1449 3598 lacta
1486 3543 1554 3614 est,
1588 3552 1668 3598 cum
1706 3525 1860 3599 infinitivi
1896 3543 2017 3599 structi

206 3691 284 3737 cum
314 3665 355 3735 iis
383 3663 579 3736 enuntiatis·
602 3661 812 3734 commutari
841 3677 976 3755 coepta
1005 3676 1063 3731 est
1090 3685 1184 3756 quae
1220 3686 1241 3730 e
1273 3661 1391 3732 verbo
1425 3661 1523 3733 finito
1558 3676 1596 3733 et
1633 3661 1899 3734 coniunctione
1918 3659 1968 3746 (ὃς
1999 3689 2017 3734 s

210 3791 266 3868 ὅτι
289 3799 492 3895 composita
520 3812 770 3892 argumentum
800 3794 1150 3891 explicationemque
1177 3795 1371 3867 verborum
1398 3795 1688 3868 antecedentium
1715 3797 1908 3869 continent.
1965 3797 2017 3868 Un

208 3931 377 4024 sequitur,
397 3950 434 4006 ut
448 3933 531 4005 novi
545 3929 590 4003 illi
605 3931 760 4004 infinitivi
773 3931 832 4027 qui
848 3930 1075 4026 temporibus
1086 3929 1243 4002 distincti
1259 3930 1328 4002 sint
1338 3928 1456 4001 locum
1473 3955 1545 4002 non
1561 3932 1720 4002 habeant
1735 3931 1799 4002 nisi
1814 3931 1849 4002 in
1869 3947 2017 4005 accusat

204 4064 261 4138 vel
279 4067 496 4141 nominativo
525 4093 604 4139 cum
633 4067 812 4140 infinitivo,
856 4066 914 4137 De
945 4065 1101 4138 omnium
1130 4083 1252 4138 autem
1283 4063 1381 4162 apud
1401 4063 1626 4158 Aeschylum
1653 4066 1903 4138 infinitivorum
1932 4068 2016 4140 ratic

207 4203 393 4298 disputare
421 4229 497 4276 cum
526 4219 565 4274 et
590 4200 739 4295 longum
769 4217 807 4271 et
834 4227 1142 4295 supervacaneum
1171 4202 1218 4271 sit
1246 4200 1292 4270 de
1308 4190 1362 4270 'iis
1383 4217 1521 4273 tantum
1541 4199 1663 4296 paullo
1685 4203 1888 4274 accuratius
1909 4229 2016 4298 agem

151 4345 154 4350 ’
204 4338 263 4432 qui
291 4364 362 4411 non
390 4339 439 4410 ita
466 4337 677 4434 frequentes
704 4336 940 4407 inveniuntur.
988 4336 1114 4428 Quare
1140 4337 1187 4407 ab
1217 4335 1387 4406 infinitivo
1416 4335 1520 4406 11111111
1548 4337 1669 4407 exorsi
1697 4335 1945 4432 quibus'locis
1973 4364 2016 4432 ap

203 4472 427 4566 Aeschylum
456 4492 579 4546 exstet
609 4471 907 4546 enumerabimus.

848 4735 872 4830 ἓ
898 4733 934 4809 2.
990 4734 1048 4809 De
1074 4733 1265 4809 infinitivo
1292 4737 1423 4810 futuri.

359 4924 625 5000 Usitatissimus
653 4928 711 4999 hic
739 4927 926 5000 infinitivus
954 4944 1040 5024 post
1066 4954 1111 4999 ea
1138 4927 1253 4998 verba
1277 4943 1397 4998 exstat
1423 4952 1518 5023 quae
1546 4928 1626 5024 ipsa
1655 4953 1721 5001 sua
1748 4946 1875 5002 natura
1902 4929 1949 5002 ad
1979 4950 2015 5004 te

200 5085 270 5156 pus
294 5063 446 5136 sutorum
475 5079 644 5158 spectare
672 5061 799 5136 solent.
846 5064 1010 5158 Quorum
1036 5062 1070 5136 in
1096 5086 1248 5134 numero
1274 5061 1426 5156 primurn
1445 5064 1639 5136 reserenda
1666 5081 1748 5138 sunt
1773 5067 1886 5137 verba
1914 5068 2014 5140 iuran
