4138 5758
1193 291 1208 360 5

472 489 594 562 Etiam
623 491 658 560 in
686 489 808 562 verbis
838 489 978 584 syllaba
1006 518 1045 582 pt
1077 490 1279 562 finientibus
1315 490 1437 562 varias
1468 489 1551 564 ‘illas
1586 492 1719 564 formas
1747 494 1962 590 reperimus:
1992 499 2013 583 ζ

263 653 374 717 μεναι,
408 625 613 718 ζευγνύμεν,
652 625 851 716 ζευγνύναι.
915 626 1057 696 Curtius
1091 626 1239 720 quidem
1273 623 1292 696 l.
1322 624 1341 695 l.
1375 626 1402 695 ΙΙ
1438 653 1472 720 p.
1506 653 1553 717 99
1594 629 1785 726 contendit
1818 629 1968 713 formae,
2012 673 2013 684 ι

263 759 334 830 sint
368 759 489 850 φάναι,
524 763 670 842 τιθέναι,
706 759 851 844 διδόναι,
884 760 1064 830 δεικνύναι
1098 760 1260 831 dialecto
1299 759 1519 834 Homericae
1560 789 1678 856 aeque
1717 765 1922 860 incognitas
1965 790 2013 835 ess

264 895 423 967 Doricae
454 913 492 967 et
520 895 706 966 Aeolicae.
764 896 810 965 Et
838 896 889 966 de·
914 892 989 979 illis,
1019 921 1110 991 quas
1141 895 1266 978 attulit,
1302 913 1407 967 recte
1437 896 1488 966 vir
1522 896 1656 968 doctus
1686 897 1869 986 iudicavit,
1907 899 2013 994 quoni

263 1031 522 1102 tantummodo
551 1030 711 1102 infinitivi
736 1022 781 1100 in
815 1027 938 1102 lexicis
972 1010 1180 1102 Homericis
1217 1031 1465 1124 proferuntur:
1494 1031 1693 1124 ,τιθήμεναι
1726 1033 1870 1126 διδόμεν
1903 1049 1940 1105 et
1969 1037 2013 1104 δα

263 1162 410 1255 φάσθαι,
443 1167 543 1239 verbi
577 1169 738 1257 δείκνυμι
769 1164 963 1268 infinitivus
1002 1167 1102 1260 apud
1138 1163 1235 1236 illum
1270 1183 1420 1260 poetam
1461 1166 1611 1238 omnino
1639 1193 1712 1240 non
1739 1170 1908 1240 occurrit.
1971 1169 2013 1240 At

265 1301 377 1372 forma
403 1283 597 1394 ζευγνύναι
623 1302 658 1372 in
685 1301 781 1372 tibris
811 1316 932 1371 exstat
958 1300 1102 1395 iamque
1131 1327 1152 1371 a
1180 1300 1222 1372 L.
1252 1301 1410 1393 Meyero
1438 1299 1547 1373 allata
1575 1319 1644 1374 est.

476 1454 583 1524 Hanc
607 1454 762 1525 eandem
789 1453 1008 1524 varietatem
1041 1453 1076 1524 in
1111 1457 1235 1528 verbis
1268 1456 1465 1528 contractis
1497 1447 1724 1526 invenimus!
1744 1454 1948 1548 οὐτάμεναι,
1977 1455 2013 1526 ot}

263 1597 417 1676 σιφαᾱνζ,
450 1604 572 1660 tamen
603 1589 637 1660 in
669 1589 724 1660 his
760 1614 909 1684 quoque
942 1589 1149 1662 usitatiores
1181 1607 1262 1663 sunt
1301 1591 1443 1662 formae
1485 1589 1717 1673 decurtatae,
1760 1617 1856 1685 quae
1895 1607 2013 1686 poste:

261 1724 400 1795 unicae.
459 1723 524 1795 Est
550 1724 642 1795 enirn
669 1722 920 1796 infinitivorum
952 1727 1159 1819 praesentis
1197 1727 1295 1820 apud
1327 1727 1528 1797 Homerum
1560 1725 1651 1796 ratio
1684 1725 1797 1796 haec:
1837 1747 1905 1816 152
1937 1727 2013 1797 obv}

263 1859 299 1930 in
325 1886 387 1941 ειν,
418 1861 465 1950 84
492 1859 524 1930 in
550 1887 627 1952 μιν,
653 1887 757 1951 μεναι
783 1833 981 1932 exeuntes.'
1023 1851 1026 1854 ⁵

477 1995 515 2066 ln
549 1995 687 2066 aoristo
722 1994 803 2066 forti
836 2012 873 2067 et
906 1999 1024 2066 tuturo
1060 1998 1218 2068 eaedem
1253 1997 1469 2068 mutationes
1501 1996 1771 2091 conspiciuntur
1805 1996 1967 2090 itemque
2000 1996 2010 2067 i

263 2129 363 2200 secto
405 2129 524 2212 activi,
567 2129 632 2201 nisi
674 2129 776 2224 quod
813 2129 917 2202 huius
958 2132 1162 2203 terminatio
1205 2145 1290 2215 εναι,
1328 2143 1425 2226 'quae
1465 2148 1600 2226 postea
1641 2131 1676 2202 in
1710 2155 1814 2202 usum
1842 2131 2011 2225 recipitur

263 2263 461 2336 Homerum
489 2267 647 2337 nondum
674 2282 806 2353 exstat,
840 2266 995 2360 perinde
1024 2281 1133 2361 atque
1169 2265 1265 2360 apud
1294 2265 1435 2338 Aeolos
1469 2281 1507 2338 et
1533 2265 1750 2358 Dorienses5
1778 2265 1825 2336 de
1855 2290 2007 2360 quorum

262 2399 345 2470 tivis
372 2401 580 2473 accuratius
607 2401 785 2495 quaesivit
810 2401 1009 2495 Meisterss).

473 2533 515 2636 b)
545 2559 604 2606 σαι
638 2539 702 2630 (-
730 2536 778 2608 ad
811 2503 968 2608 eandem
1001 2536 1162 2608 radicem
1199 2535 1434 2608 referendum
1469 2551 1526 2607 est
1553 2552 1665 2630 atque
1696 2535 1853 2607 infinitivi
1880 2536 1915 2606 in
1942 2536 1992 2616 se,

264 2670 377 2742 sacris
417 2669 586 2742 Indorum
628 2667 724 2742 libris
765 2671 990 2743 inveniuntur
1017 2669 1094 2772 Μ),
1136 2669 1298 2742 suffixum
1339 2671 1463 2743 aoristi
1503 2671 1606 2764 primi
1648 2670 1774 2757 activi,
1817 2670 1916 2766 quod
1957 2694 2013 2739 nur

263 2821 437 2877 mutatum
466 2806 594 2879 estes,
624 2805 783 2878 Curtium
809 2809 829 2878 l.
857 2803 879 2878 l.
908 2805 936 2876 II
963 2831 997 2901 p.
1031 2811 1116 2897 264.

475 2939 513 3042 c)
541 2944 625 3012 σθαι
658 2941 860 3012 terminatio
893 2941 1059 3013 omnibus
1101 2941 1207 3013 medii
1241 2940 1420 3013 infinitivis
1448 2938 1666 3026 communi3‚
1710 2965 1806 3032 quae
1849 2956 1887 3010 et
1925 2939 2006 3032 ipsa

264 3103 365 3150 suam
402 3077 553 3148 sormam
587 3076 937 3176 semperservavit.
995 3075 1087 3146 Orta
1115 3091 1173 3146 est
1199 3101 1219 3146 e
1248 3072 1376 3147 suffixo
1405 3071 1574 3146 nominali
1602 3073 1669 3156 dni,
1698 3099 1773 3144 non
1801 3099 1822 3145 e
1851 3073 1975 3144 radice
2003 3101 2013 3144 r

264 3212 342 3284 dha.
401 3213 540 3283 Littera
573 3234 602 3293 σ,
634 3234 729 3305 quae
762 3211 798 3280 in
833 3211 997 3281 omnibus
1030 3211 1137 3281 medii
1171 3210 1349 3282 infinitivis
1382 3208 1600 3304 conspicitur
1635 3201 1673 3278 et
1698 3200 1757 3280 uhi
1786 3208 1896 3280 deest
1923 3234 1968 3280 ex
1994 3206 2013 3279 h

264 3372 432 3419 sonorum
467 3347 692 3419 Graecorum
724 3345 878 3428 excidit,
911 3372 931 3417 e
966 3346 1091 3418 radice
1129 3371 1214 3417 »as«
1247 3346 1448 3418 derivanda
1477 3361 1543 3426 est,
1577 3368 1684 3436 quam
1717 3344 1933 3438 saepissime
1962 3345 2009 3414 ad

262 3485 401 3556 formas
427 3482 635 3578 gignendas
665 3479 861 3552 adhibitam
890 3506 976 3552 esse
1004 3504 1114 3572 nemo
1143 3495 1202 3552 est
1227 3481 1313 3575 quin
1340 3480 1444 3552 sciat.
1501 3469 1695 3550 Peculiaris
1722 3480 1775 3551 vis
1803 3480 1954 3575 passiva
1983 3505 2004 3549 a

266 3620 317 3691 cis
346 3620 491 3690 demum
518 3617 553 3687 in
579 3616 674 3687 hunc
708 3615 914 3687 infinitivum
949 3613 1047 3686 illata
1081 3631 1146 3698 est,
1179 3615 1227 3686 ad
1263 3642 1371 3711 quam
1404 3633 1552 3686 ceterae
1587 3637 1717 3684 omnes
1745 3615 1884 3686 formae
1913 3640 2010 3708 aequ

267 3780 358 3826 neae
386 3755 541 3824 fuissent
569 3751 614 3823 cs.
644 3749 687 3824 E.
716 3747 899 3846 Herzog⁶)
930 3776 963 3845 p.
994 3754 1035 3821 8:
1070 3751 1159 3821 »der
1187 3744 1334 3822 Infinitiv
1350 3752 1397 3821 ist
1425 3750 1562 3821 seinem
1598 3749 1788 3842 Ursprung
1816 3748 1910 3819 nach
1938 3749 2011 3819 indi

266 3913 390 3986 gegen
419 3887 598 3959 Activit'at
624 3888 697 3957 und
713 3886 939 3958 Passivit'at.«
1000 3886 1296 3957 Consentaneum
1312 3901 1433 3958 autem
1450 3901 1506 3955 est
1526 3882 1796 3980 cognationem,
1825 3907 1920 3977 quae
1948 3883 2013 3954 inte

266 4028 361 4097 inter
389 4049 450 4095 eas
477 4023 614 4094 formas
643 4038 681 4093 et
706 4021 842 4093 formas
869 4018 1059 4106 mediales
1092 4022 1219 4114 quales
1243 4035 1325 4091 sunt
1344 4021 1529 4112 φέρεσθον,
1562 4020 1724 4111 φέρεσθε,
1752 4019 1941 4111 φερέσθων
1970 4017 2013 4086 ad

268 4187 354 4235 usus
388 4157 631 4254 restringendi
667 4157 845 4229 rationem
881 4158 1025 4229 multum
1057 4153 1217 4227 valuisse
1273 4152 1335 4255 (cf.
1370 4152 1530 4226 Curtium
1556 4149 1578 4225 l.
1611 4149 1634 4224 l.
1670 4152 1699 4223 ΙΙ
1732 4177 1768 4246 p.
1803 4150 1915 4251 115.)‚
1959 4167 2013 4222 ets

267 4293 505 4370 Schleichero
533 4290 757 4366 concludere
784 4315 859 4360 non
885 4287 969 4362 licet
995 4291 1078 4362 inde
1105 4281 1190 4363 illud
1218 4284 1239 4362 σ
1265 4291 1300 4362 in
1325 4287 1530 4361 infinitivum
1557 4287 1758 4381 irrepsisse.

414 4559 436 4642 ⁵)
481 4558 616 4634 Curtius
642 4561 778 4624 Studien
803 4584 856 4624 zur
880 4564 1100 4643 griechischen
1126 4563 1191 4624 und
1216 4561 1421 4624 lateinischen
1447 4558 1649 4620 Grammatik
1672 4557 1743 4619 Vol.
1769 4559 1815 4620 IV
1839 4581 1870 4640 p.
1895 4577 1970 4638 422.

412 4676 434 4762 6)
479 4678 541 4738 Die
558 4677 682 4758 Syntax
699 4680 756 4740 des
774 4678 935 4752 infinitiva
955 4699 1052 4760 quam
1068 4680 1373 4742 commentationem
1402 4676 1526 4757 legisin
1552 4675 1668 4740 Annal.
1686 4674 1838 4739 Fleckeis
1857 4697 1886 4755 p.
1921 4693 1929 4736 ι
1960 4698 2013 4756 sqc
