4138 5758
1002 293 1042 339 22

87 491 183 560 Pers,
212 507 300 580 437.
331 486 440 558 rotald
466 485 516 559 ἐπ’
543 487 676 572 αὐτοὺς
702 485 791 582 ἦλθε
817 493 981 588 συμφορὰ
1012 492 1150 576 πάθους
1173 495 1177 586 l
1203 488 1253 575 τός
1286 495 1402 563 τοῖσδε
1428 497 1483 562 καὶ
1513 495 1565 576 όὶς
1591 491 1830 584 ἀντισηκῶσαι
1858 495 1957 586 ῥοπῇ.

92 669 141 677 -
169 623 273 695 Eum.
304 641 392 714 427.
421 631 498 708 πῶς
524 625 590 719 γὰρ
617 633 770 698 τοσοῦτο
798 631 946 721 κέντρον
973 623 1023 710 ὡς
1048 642 1331 719 μητροκτονεῑν;-
1349 613 1490 718 Quibus
1524 625 1707 722 exemplis,
1734 644 1772 698 ut
1801 622 1894 696 ὥστε
1921 643 1961 695 et

86 753 135 843 nic
161 759 253 830 inter
284 783 325 829 se
353 784 425 830 non
454 759 668 852 discrepare
698 761 889 856 intellegas
918 759 1075 831 addatur
1102 784 1228 831 versus
1257 759 1331 857 ng.
1370 778 1481 851 1075:
1514 759 1556 831 orl
1583 761 1649 855 γάρ
1676 767 1836 843 τοιοῦτος
1864 753 1959 829 ὥστε

85 896 267 986 θρηνητοῦ
295 908 421 982 τυχεῖν.
889 865 892 878 i

244 1027 282 1098 Si
311 1027 345 1098 in
374 1053 478 1098 usum
507 1033 674 1102 vocabuli
704 1025 798 1102 ὥστε
830 1027 952 1124 paullo
991 1029 1195 1100 accuratius
1233 1029 1440 1123 inquirimus
1475 1030 1573 1124 apud
1618 1028 1841 1122 Aeschylum
1875 1055 1956 1100 nus-

86 1188 192 1257 quam
214 1162 250 1233 id
266 1163 421 1234 occurrit
435 1163 578 1234 dicendi
592 1190 722 1258 genus,
740 1191 786 1238 ex
802 1189 874 1259 quo
889 1181 975 1260 post
989 1163 1274 1257 comparativum
1289 1160 1312 1255 ἢ
1328 1159 1420 1235 dors
1449 1189 1527 1236 cum
1542 1164 1713 1236 infinitivo
1729 1164 1958 1235 consociatur

13 1274 34 1283 *A
84 1298 232 1368 velutin
251 1296 323 1368 hoc
344 1300 521 1394 exemplO,
543 1294 562 1367 ό
578 1300 707 1392 χρόνος
725 1299 855 1394 βραχὺς
871 1293 964 1370 ὥστε
979 1297 1089 1386 ἀξίως
1104 1298 1338 1390 διηγήσασθαι
1353 1299 1397 1368 τοὶ
1409 1302 1620 1392 πραχθέντα.
1640 1299 1783 1370 Desunt
1799 1299 1908 1372 etiam
1925 1301 1958 1370 ei

84 1430 243 1502 infinitivi
271 1431 330 1526 qui
356 1456 476 1526 paene
504 1433 639 1505 eodem
668 1435 781 1504 modo
810 1458 885 1527 quo
913 1434 1073 1505 infinitivi
1100 1451 1187 1528 post
1219 1429 1313 1504 ὥστε
1341 1435 1502 1527 usurpati
1530 1432 1736 1528 explicandi
1764 1449 1857 1516 sunt,
1885 1434 1955 1505 infi-

84 1565 216 1636 nitivos
251 1565 334 1636 dico
366 1582 454 1659 post
485 1564 538 1656 ἐφ’
571 1557 610 1659 qi,
645 1566 698 1656 ἐφ’
734 1559 814 1660 ᾧτε,
846 1592 941 1661 quae
976 1583 1179 1639 structurae
1216 1593 1238 1639 a
1274 1568 1399 1638 Curtio
1437 1568 1611 1662 (Gramm.
1648 1566 1778 1639 Graec
1812 1564 1834 1670 ξ
1864 1569 1956 1668 601)

84 1701 135 1772 ita
160 1699 401 1789 declarantur,
429 1716 467 1770 ut
494 1700 590 1773 idern
617 1704 774 1788 valeant,
804 1702 921 1797 quod:
952 1706 1006 1773 ἐπὶ
1034 1703 1154 1796 τούτῳ
1181 1697 1284 1774 ὥστε.

243 1861 372 1934 Altera
398 1862 576 1958 particula
605 1865 842 1936 cousecutiva
877 1859 927 1948 ὥς
960 1880 1046 1960 post
1079 1890 1143 1936 eas
1171 1863 1398 1959 potissimum
1433 1864 1641 1936 locutiones
1668 1863 1789 1939 locum
1814 1864 1953 1937 habere

85 1996 187 2082 solet,
216 2023 311 2092 quae
338 1999 484 2092 gradus,
521 2016 560 2070 ut
595 1999 644 2070 ita
678 1999 804 2081 dicam,
847 1998 1148 2094 significationem
1182 1999 1215 2069 in
1250 1990 1291 2070 se
1329 1999 1524 2070 continent,
1582 1999 1707 2091 Quare
1740 1999 1952 2095 saepissime

85 2133 261 2227 reperitur
289 2108 376 2226 post
403 2130 582 2204 adiectiva
613 2140 794 2216 τοσοῦτος,
830 2133 969 2204 τοιόσδε
1002 2151 1039 2204 et
1071 2135 1235 2205 eiusdem
1268 2133 1414 2227 generis
1448 2133 1648 2206 adverbia..
1699 2133 1821 2229 Atque
1853 2133 1949 2226 apud

85 2268 283 2341 Homerum
311 2271 374 2362 vel
398 2269 515 2339 nudus
541 2267 728 2340 infinitivus
755 2286 843 2363 post
872 2269 1049 2340 eiusmodi
1076 2266 1256 2340 vocabula
1283 2269 1537 2340 usitatissimus
1566 2284 1640 2342 est:
1670 2269 1768 2363 apud
1789 2267 1946 2360 Aeschy-

84 2399 155 2473 lum
189 2427 281 2473 vero
315 2400 431 2474 semel
462 2417 597 2475 tantum
630 2402 726 2474 haec
763 2403 989 2474 constructio
1021 2404 1198 2474 invenitur
1232 2421 1320 2496 post
1355 2393 1435 2486 uida,
1469 2402 1540 2496 Ag.
1573 2405 1659 2493 482,
1693 2429 1801 2498 quem
1833 2405 1947 2475 locum
1984 2503 1985 2508 η
2063 2375 2064 2418 i

85 2538 156 2608 iam
183 2563 293 2632 supra
322 2541 370 2633 (p.
402 2537 463 2628 ατ)
492 2534 716 2608 laudavimus
744 2552 782 2608 et
809 2537 1078 2631 exscripsimus3
1114 2537 1189 2608 aliis
1224 2538 1284 2634 qui
1313 2553 1458 2608 exstant
1484 2537 1573 2608 locis
1602 2532 1779 2609 uioravel
1807 2533 1854 2622 ὡς
1879 2535 1950 2608 infi-

85 2671 195 2742 nitivo
236 2671 431 2754 antecedit,
472 2690 511 2744 ut
550 2671 623 2766 Ag.
672 2691 781 2763 1075.
826 2670 918 2742 Cho.
964 2679 1048 2762 567.
1090 2671 1194 2743 Eum.
1233 2689 1321 2761 427.
1378 2671 1505 2742 Nudus
1533 2697 1622 2742 sane
1649 2673 1841 2745 infinitivus
1868 2689 1956 2768 post
2063 2703 2064 2730 1

85 2806 158 2891 οἶός
184 2811 223 2876 τέ
249 2810 319 2898 εἰμι
347 2824 384 2878 et
412 2806 487 2878 οἶόν
516 2810 555 2876 τέ
582 2810 678 2877 ἐστιν
705 2821 906 2900 usurpatur,
934 2831 1030 2900 quae
1060 2807 1214 2900 phrases
1244 2808 1379 2878 eodem
1408 2806 1520 2878 modo
1549 2823 1661 2902 atque
1689 2802 1782 2878 ὥστε
1812 2808 1953 2879 confor-

84 2959 206 3013 matae
235 2958 333 3029 sunt3
361 2941 560 3013 obscurata
592 2956 712 3012 tamen
747 2941 840 3012 haec
876 2942 981 3035 origo
1018 2957 1074 3012 est
1105 2967 1171 3012 usu
1198 2942 1417 3035 posteriore,
1450 2957 1487 3012 ut
1513 2944 1622 3035 plane
1651 2942 1801 3013 easdem
1830 2959 1956 3036 partes

86 3100 177 3169 quas
206 3075 368 3167 δύναμαι,
397 3077 474 3164 ἔχον,
503 3077 690 3164 ἐνδέχεται,
718 3073 786 3145 alia
815 3077 1026 3147 sustineant.
1644 3062 1648 3073 ¹

243 3217 275 3282 cl
304 3208 377 3281 De
413 3209 674 3280 infinitivi
713 3235 805 3281 usu
846 3209 1002 3280 finali.

242 3361 337 3433 Huic
378 3377 497 3435 autem
538 3361 615 3433 usui
658 3362 899 3433 consecutivo
941 3364 1137 3434 admodum
1178 3364 1316 3435 vicinus
1358 3387 1402 3434 ac
1445 3365 1612 3435 finitimus
1653 3359 1763 3432 finalis
1790 3359 1953 3431 infinitivi

84 3523 169 3568 usus
201 3495 460 3568 existimandus
499 3512 565 3568 est.
626 3497 779 3592 Utrique
811 3499 905 3568 enim
940 3500 1072 3568 eadem
1106 3499 1182 3570 fere
1219 3517 1276 3571 est
1309 3515 1436 3571 natura
1476 3523 1556 3569 cum
1597 3497 1704 3568 etiam
1734 3495 1813 3565 finis
1845 3519 1952 3588 quem

85 3633 163 3727 quis
191 3631 256 3702 sibi
285 3631 490 3726 proposuit,
522 3633 570 3702 ad
597 3629 683 3702 illud
709 3647 856 3726 spectet
884 3634 983 3726 quod
1017 3649 1185 3726 tempore
1219 3633 1337 3704 futuro
1373 3650 1650 3716 consecuturum
1680 3631 1734 3701 sit.
1796 3629 1952 3698 Tantum

83 3771 177 3842 inter
222 3765 290 3837 hos
333 3767 523 3838 infinitivos
566 3767 733 3851 interest,
769 3768 870 3862 quod
904 3768 1074 3840 infinitivo
1108 3768 1345 3838 consecutivo
1378 3767 1515 3838 consilii
1548 3768 1641 3839 ratio
1669 3762 1764 3836 nulla
1789 3763 1953 3842 habetur,

87 3901 256 3972 infinitivo
293 3899 388 3972 finali
409 3927 455 3972 ea
483 3901 739 3995 significantur,
768 3926 863 3996 quae
882 3919 920 3973 ut
947 3903 1034 3974 fiant
1068 3916 1170 3973 certo
1199 3902 1358 3996 quodam
1388 3902 1536 3973 consilio
1566 3903 1691 3996 aliquis
1723 3899 1840 3971 utitur.
1870 3896 1947 3988 Qua

84 4037 130 4107 de
157 4060 268 4107 causa
295 4052 332 4107 et
355 4036 392 4106 in
411 4035 543 4107 Latino
573 4061 744 4108 sermone
770 4036 817 4106 ad
849 4052 1039 4130 utramque
1067 4037 1245 4107 rationem
1276 4036 1506 4109 indicandam
1536 4062 1606 4107 una
1634 4051 1753 4107 exstat
1780 4027 1947 4128 particula

88 4185 168 4240 »ut«
200 4185 239 4241 et
264 4169 299 4240 in
327 4170 454 4264 priscis
481 4168 626 4266 linguae
660 4169 880 4242 vernaculae
914 4169 1154 4241 monumentis
1190 4169 1403 4241 vocabulum
1439 4171 1550 4242 »daz«
1590 4171 1623 4241 in
1650 4183 1842 4262 utramque
1868 4189 1948 4259 par-

83 4322 157 4376 tem
185 4302 386 4390 adhibetur,
414 4321 453 4375 ut
479 4321 553 4375 tum
579 4303 757 4400 particula
788 4304 900 4376 »dazc
933 4322 1006 4376 tum
1032 4305 1211 4399 particula
1242 4306 1398 4376 »damu«
1431 4307 1537 4376 nobis
1564 4305 1611 4374 sit
1637 4301 1864 4374 vertendum.

241 4465 354 4564 Apud
382 4465 579 4539 Homerum
606 4466 714 4560 igitur
743 4467 802 4538 hic
832 4492 917 4537 usus
951 4466 1064 4540 finalis
1097 4468 1272 4541 latissime
1308 4467 1457 4539 diffusus
1491 4482 1555 4538 est.
1613 4465 1658 4536 Et
1688 4463 1846 4535 maxime
1878 4461 1953 4554 qui-

84 4604 166 4674 dem
194 4602 227 4674 ei
256 4599 391 4696 placuit
417 4618 506 4696 post
531 4602 645 4673 verba
671 4603 856 4689 movendi,
893 4618 932 4673 ut
965 4627 1038 4696 quo
1074 4605 1222 4675 consilio
1255 4603 1388 4697 aliquid
1416 4603 1586 4692 mittatur,
1615 4601 1776 4682 iaciatur,
1806 4620 1950 4668 movea-

83 4753 139 4808 tur
179 4737 349 4809 infinitivo
390 4737 620 4832 significetur,
661 4738 698 4808 id
739 4736 841 4832 quod
881 4763 995 4832 saepe
1037 4739 1169 4808 nostris
1195 4737 1401 4809 hominibus
1438 4753 1753 4830 supervacaneum
1780 4750 1818 4804 et
1846 4728 1953 4800 inane

82 4871 223 4945 videtur
263 4897 358 4956 esse,
399 4873 457 4969 qui
498 4873 585 4944 satis
626 4870 760 4943 fecisse
801 4871 869 4943 sibi
908 4871 1077 4942 videntur
1118 4874 1202 4942 dum
1242 4869 1473 4964 intellegatur
1514 4871 1600 4965 quid
1628 4870 1752 4941 dicant
1781 4883 1818 4938 et
1844 4888 1951 4935 unam

83 5008 228 5079 dicendi
260 5006 407 5081 laudem
437 5023 565 5102 putant
597 5031 681 5078 esse
711 5006 939 5078 brevitatem.
1001 5005 1221 5077 Declaratur
1252 5032 1311 5079 res
1344 5009 1512 5100 exemplo
1549 5031 1595 5078 ex
1630 5004 1796 5075 Homero
1823 4999 1951 5095 petito

83 5144 120 5214 ln
146 5141 180 5214 ll.
212 5151 250 5226 Φ,
284 5165 355 5214 120
381 5143 497 5212 verba
525 5139 629 5210 τόνδε
655 5141 856 5230 ποταμόνδε
883 5131 966 5230 ἧκεν
996 5142 1043 5212 ad
1070 5141 1288 5214 sententiam
1316 5157 1454 5235 poetae
1482 5139 1775 5241 perspiciendam
1801 5157 1952 5230 prorsus
