4138 5758
1132 293 1169 358 13

213 486 343 581 quibus
369 487 493 558 verbis
521 486 761 560 Prometheus
795 488 871 560 Ioni
922 495 995 583 quo
1031 488 1223 583 dirigenda
1254 489 1311 560 via
1345 488 1391 560 sit
1421 491 1590 563 ostendit.
1648 491 1900 564 Commutatus
1928 507 1985 564 est

213 618 296 692 loco
323 621 516 695 infinitivus
544 644 625 694 cum
652 622 886 718 imperativo:
915 628 1021 716 θυμοῖ
1058 623 1144 710 βάλε
1170 640 1209 696 et
1227 621 1452 696 coniunctivo
1481 624 1603 698 aoristi
1623 623 1799 721 particula
1824 627 1873 720 μή
1900 627 1990 698 adiur

211 782 242 826 v,
274 757 349 846 718
378 758 428 850 μὴ
456 758 621 852 περάσῃς.

374 891 477 986 Sept.
509 911 569 984 75:
603 892 708 964 πόλιν
737 896 874 985 ζυγοῖσι
908 895 1078 966 δουλίοισι
1113 893 1251 986 μήποτε
1284 897 1439 984 σχεθεῖν,
1466 895 1526 967 ubi
1556 895 1684 967 iterum
1705 895 1818 974 ,haec
1861 912 1990 968 constr

211 1049 294 1096 cum
322 1025 538 1120 imperativo
564 1045 818 1102 commutatur:
849 1031 995 1122 γενέσθε
1021 1042 1058 1100 et
1084 1027 1209 1099 aoristi
1239 1028 1484 1104 coniunctivoz
1512 1029 1560 1122 μὴ
1589 1033 1831 1122 ἐκθαμνίσητε.

372 1188 465 1263 Ch0.
515 1210 610 1282 307:
663 1189 751 1276 Ἀλλ’,
793 1183 823 1262 ὦ
870 1191 1019 1286 μεγάλαι
1066 1197 1206 1286 Μοῖραι,
1237 1189 1397 1294 Λιόθενγ
1431 1193 1515 1282 τῇδε
1548 1199 1728 1276 τελευτᾶν,
1760 1189 1764 1291 l
1798 1183 1819 1284 ᾗ
1865 1192 1925 1282 τὸι
1951 1197 1990 1263 dl:

211 1329 424 1414 μεταβαίνει.
457 1325 612 1398 »iustum
640 1327 723 1398 date
751 1342 959 1399 eventum«.

368 1459 467 1532 Eum.
503 1465 593 1549 619:
641 1461 681 1531 τὸ
721 1465 787 1554 μὲν
827 1462 962 1532 δίκαιον
1002 1459 1101 1532 τοῦθ’
1141 1455 1226 1532 ὅσον
1266 1463 1385 1532 σθένει
1423 1462 1561 1553 μαθεῖν,
1585 1461 1590 1562 Ι
1615 1467 1725 1553 βουλῇ
1750 1463 1942 1552 πιφαύσκω
1966 1461 1991 1534 d

207 1596 421 1666 ἐπισπέσθαι
447 1594 588 1689 πατρός.
641 1595 832 1668 infinitivus
860 1596 954 1667 enirn
979 1599 1108 1688 μαθεῖν
1150 1592 1374 1667 adverbum
1401 1595 1592 1686 πιφαύσκω
1621 1597 1656 1690 β.
1685 1622 1716 1669 e.
1746 1597 1870 1686 iubeo)
1899 1624 1940 1668 se
1968 1625 1991 1692 a

206 1752 295 1798 care
325 1752 396 1799 non
421 1727 569 1812 videtur,
596 1753 675 1801 cum
702 1730 750 1802 ad
778 1733 986 1802 ἐπισπέσθαι
1022 1745 1161 1818 tantum
1198 1731 1366 1826 quadret.
1425 1729 1527 1803 Hanc
1560 1731 1707 1826 quidem
1744 1731 1960 1804 divisionem

212 1861 298 1934 dem
325 1864 461 1958 probat
492 1861 713 1937 scholiastes
740 1863 940 1938 adnotans:
988 1865 1124 1936 κελεύω
1150 1868 1189 1935 δὲ
1215 1861 1308 1957 ὑμᾶς
1346 1868 1537 1956 πεισθῆναι
1576 1873 1620 1956 τῇ
1648 1870 1759 1956 βουλῇ
1799 1872 1864 1936 τού
1892 1865 1985 1948 Διός,

209 1997 470 2093 interpretandi
496 1998 636 2072 ratione
664 1999 755 2074 alter
780 2001 968 2073 infinitivus
997 2001 1043 2072 ab
1071 1998 1190 2072 altero
1217 1997 1326 2094 plane
1364 2015 1591 2096 segregatur,
1619 2025 1732 2094 quare
1762 1998 1813 2070 ita
1844 1999 1971 2072 Latine

210 2134 355 2204 tendum
383 2133 465 2220 erit:
494 2133 624 2206 iustum
655 2135 724 2207 hoc
752 2151 923 2232 quantum
948 2132 1070 2207 valeat
1093 2133 1231 2218 discite,
1259 2135 1369 2206 iubeo
1397 2149 1519 2206 autem
1547 2134 1704 2230 obsequi
1730 2159 1797 2206 vos
1825 2150 1894 2207 etc.

369 2293 453 2367 Uno
488 2293 572 2368 loco
608 2298 741 2371 tertiae'
772 2298 970 2394 imperativi
1005 2323 1191 2394 personae
1231 2322 1380 2370 munere
1421 2296 1607 2369 infinitivus
1648 2296 1819 2394 fungitur:
1861 2295 1954 2369 Cho.

208 2427 322 2500 ἄλλαν
350 2430 392 2522 δή
421 2428 487 2502 τιν’
516 2434 554 2503 ἐν
581 2431 697 2524 λόγοις
722 2449 865 2526 στυγεῖν
889 2454 894 2530 Ι
919 2441 1063 2524 φοινίαν
1090 2432 1266 2517 Σκύλλαν,
1304 2456 1385 2503 cunr
1419 2432 1660 2504 antecesserit
1691 2432 1727 2503 in
1757 2458 1787 2502 v.
1818 2437 1910 2503 602:
1938 2435 1991 2502 ίστ

210 2561 309 2647 ὅστις
335 2580 403 2635 etc.
457 2563 557 2639 Idem
592 2567 699 2660 igitur
732 2568 913 2662 significat
945 2583 1096 2660 στυγεῖν,
1130 2567 1232 2662 quod
1268 2573 1443 2658 στογείτα]
1476 2593 1546 2651 τις;
1569 2565 1679 2638 etiam
1707 2565 1777 2636 iarn
1804 2583 1991 2638 aversetur

210 2697 291 2792 quis
317 2698 351 2769 in
378 2699 543 2772 oratione
571 2716 650 2786 etc,
679 2726 751 2797 qua
778 2727 859 2775 curn
887 2703 1157 2775 constructione
1193 2702 1366 2775 conseras
1393 2699 1427 2774 ll.
1456 2711 1493 2786 Γ,
1531 2704 1622 2793 285:
1658 2708 1781 2796 Τροῖας
1814 2700 1921 2772 ’ἔπειθ’
1944 2697 1991 2773 Ἑλ

211 2837 269 2903 καί
295 2833 458 2926 κτήματα
483 2834 586 2907 πάντ’
612 2835 818 2909 ἀποδοῦναι.

371 2967 409 3040 In
437 2969 510 3067 Ag.
539 2997 572 3044 v.
608 2995 677 3063 144
706 2971 751 3044 H.
780 2971 940 3045 Keckius
965 2974 999 3045 in
1027 2972 1188 3045 editione
1217 2999 1283 3044 sua
1316 2971 1519 3044 infinitivum
1553 2998 1620 3068 pro
1649 2972 1863 3067 imperativo
1898 2971 1992 3044 restit

208 3100 295 3173 dum
328 3127 414 3174 esse
449 3105 640 3191 existimat,
675 3105 732 3178 alii
766 3105 871 3180 aliter
902 3108 1017 3180 verba
1056 3107 1293 3190 coustituunt,
1334 3106 1565 3180 conserantur
1605 3107 1832 3179 Hermannus
1870 3121 1908 3179 et
1949 3106 1992 3176 Er

211 3233 420 3309 Dindorfius
448 3238 482 3310 in
509 3241 667 3314 editione
695 3241 874 3337 Lipsiensi
900 3243 1027 3338 κράναι
1055 3243 1255 3338 optativum
1285 3268 1368 3315 esse
1397 3258 1532 3314 censet.
1568 3240 1750 3334 Quocirca
1769 3240 1871 3313 huius
1890 3238 1992 3312 locir

211 3393 295 3442 nem
322 3396 393 3444 non
420 3372 562 3448 habere
590 3377 704 3448 satius
731 3376 847 3449 suerit.

369 3505 495 3604 ltaque
524 3511 623 3605 apud
651 3509 880 3606 Aeschylum
898 3513 1103 3586 infinitivum
1129 3513 1186 3586 bis
1214 3538 1283 3609 pro
1311 3513 1514 3609 imperativi
1546 3536 1698 3584 numero
1726 3507 1990 3608 singulariter

209 3637 343 3732 plurali,
374 3659 504 3736 quater
531 3668 600 3738 pro
631 3644 757 3736 altera,
788 3647 903 3721 semel
930 3674 999 3745 pro
1028 3649 1137 3721 tertia
1164 3672 1325 3744 persona
1353 3665 1564 3743 usurpatum
1592 3645 1800 3719 invenimus.

367 3804 562 3880 Artissime
584 3826 707 3882 autem
728 3835 809 3882 cum
823 3814 894 3885 hoc
914 3837 981 3884 usu
1001 3837 1073 3884 eae
1093 3810 1523 3895 cohaerent‘structurae,
1559 3810 1618 3882 ubi
1653 3835 1713 3882 res
1747 3833 1841 3906 quae
1878 3822 1992 3903 optatr

208 3934 382 4028 precibus
406 3941 541 4035 petitur
565 3942 736 4017 infinitivo
773 3947 1002 4041 exprimatur.
1037 3947 1131 4020 Nam
1167 3962 1333 4043 optatum
1370 3945 1649 4042 quodammodo
1677 3945 1811 4015 iussum
1829 3947 1992 4014 vocare

208 4085 246 4140 ut
279 4097 300 4142 e
328 4076 508 4148 contrario
535 4076 672 4150 iussum
697 4079 732 4151 in
761 4106 802 4153 se
830 4081 995 4153 continet
1031 4097 1215 4177 optatum3
1252 4099 1310 4154 est
1341 4081 1437 4152 enim
1469 4079 1611 4176 optatio
1642 4077 1875 4173 imperativus
1907 4074 1992 4147 lenis

210 4205 471 4295 pronuntiatus,
496 4211 731 4307 imperativus
768 4215 911 4311 optatio
939 4217 1151 4323 acrioreac
1166 4215 1441 4289 vehementiore
1458 4215 1572 4286 modo
1591 4212 1732 4318 edicta3
1761 4227 1916 4305 utraque
1942 4210 1992 4280 di(

210 4333 287 4408 sive
318 4340 505 4438 cogitandi
539 4346 683 4420 ratione
713 4348 751 4421 id
784 4350 912 4444 agitur,
944 4367 984 4423 ut
1016 4347 1137 4446 aliqua
1173 4377 1232 4424 res
1265 4365 1412 4447 petatur
1456 4348 1515 4422 vel
1548 4349 1732 4421 efficiatur.
1793 4344 1907 4418 Huius
1940 4370 1992 4440 qu

207 4471 366 4545 infinitivi
402 4503 490 4550 usus
534 4479 590 4553 vel
631 4482 729 4577 apud
771 4483 969 4558 Homerum
1015 4485 1182 4582 exempla
1223 4487 1465 4582 reperiuntur,
1512 4482 1609 4557 velut
1635 4512 1664 4579 ρ,
1695 4503 1793 4576 354:
1866 4487 1933 4551 Ζεῦ
1961 4506 1992 4550 πί

215 4649 257 4658 -·
306 4651 357 4661 -
407 4616 614 4706 Τηλέμαχόν
669 4645 731 4710 μοι
787 4621 825 4691 ἐν
875 4617 1048 4715 ἄνδρασιν
1101 4618 1221 4709 ὄλβιον
1272 4622 1370 4695 εἶναι.
1439 4621 1612 4694 Kuehner
1668 4617 1778 4692 etiam
1833 4613 1890 4688 hic
1939 4640 1992 4686 ver

208 4740 363 4837 optandi
405 4749 647 4843 supplendum
689 4778 772 4825 esse
813 4754 991 4849 opinatur,
1033 4773 1073 4830 ut
1114 4754 1277 4851 εύχομαι,
1322 4759 1381 4830 vel
1415 4755 1684 4853 imperativum,
1728 4752 1826 4825 velut
1867 4749 1945 4838 δός,
1988 4778 1992 4814 ι

210 4874 384 4951 nonnullis
410 4882 501 4955 locis
536 4883 704 4960 infinitivo
734 4888 1000 4986 praegreditur,
1030 4908 1069 4963 ut
1094 4902 1131 4977 Γ,
1162 4913 1254 4985 351:
1282 4899 1351 4964 Ζεῦ
1376 4935 1426 4947 -
1455 4892 1515 4977 δὸς
1547 4891 1713 4962 τίσασθαι
1740 4903 1778 4959 et
1804 4885 1903 4980 apud
1928 4907 1992 4956 nos

182 5025 357 5103 poetam
385 5014 478 5091 Cho.
522 5024 582 5092 16:
614 5014 645 5093 ui
675 5030 743 5095 Ζεῦ
777 5023 837 5110 δός
866 5053 910 5118 με
943 5028 1110 5098 τίσασθαι
1143 5026 1255 5122 μόρον
1286 5027 1428 5122 πατρός.
1487 5024 1655 5100 Eandem
1687 5019 1898 5094 Dindorfius
1929 5043 1992 5112 seq

211 5150 427 5224 sententiam
453 5153 501 5238 ad
529 5154 632 5251 Sept.
664 5173 720 5251 75.
754 5156 825 5252 (ed.
847 5157 981 5256 Oxon.)
1011 5177 1049 5241 et
1068 5162 1278 5242 Eustathius
1299 5160 1347 5237 ad
1373 5159 1408 5239 Il.
1429 5169 1468 5250 B,
1488 5183 1581 5253 412:
1611 5159 1652 5230 τὸ
1678 5163 1792 5251 σχῆμα
1818 5161 1882 5248 τῆς
1909 5151 1992 5245 &llll
