4138 5758
939 324 957 384 8

11 524 233 597 mutationes
260 521 338 596 illas
368 527 609 620 comprobem
636 552 695 598 me
723 525 857 598 adduci
885 553 958 599 non
985 554 1122 623 posse*
1167 529 1310 601 Etenim
1343 526 1511 626 exempla
1538 554 1661 601 earum
1688 530 1883 601 formarum

12 659 194 744 desidem,
223 652 319 754 quae
348 686 467 755 neque
496 663 531 733 in
557 661 795 745 uberioribus,
823 687 917 756 quos
931 663 1073 759 insp'exi
1087 664 1406 762 grammaticorum
1429 662 1527 736 libris
1543 689 1663 759 neque
1680 659 1779 759 apud
1797 664 1883 735 Din-

12 793 165 866 dorfium
191 796 425 868 inveniuntur.
483 795 597 887 Quod
622 822 702 867 curn
729 797 778 868 ita
807 798 853 868 sit
881 797 929 869 ad
951 797 1242 871 considerandos
1271 825 1471 895 pergamus
1498 826 1625 872 versus
1654 801 1755 895 ipsos
1783 797 1885 872 simul

13 954 93 1000 cum
138 931 200 1014 eis,
242 956 337 1025 quae
380 928 437 1003 alii
476 932 540 1002 viri
582 933 683 1003 docti
732 949 770 1003 et
803 933 837 1002 in
879 932 1070 1026 Aeschylo
1114 934 1391 1030 interpretando
1426 934 1713 1007 exercitatissimi
1744 934 1791 1006 de
1833 934 1886 1006 eis

14 1064 262 1138 iudicaverint.

172 1227 210 1297 ln
236 1253 347 1300 versu
374 1229 479 1324 Sept.
515 1249 610 1319 1077
640 1229 758 1317 solum
786 1231 925 1302 formae
954 1208 1201 1326 ἀνατραπῆναι
1229 1251 1266 1304 et
1290 1238 1583 1336 Ἴκατακλυσθῆναι
1611 1232 1717 1304 nobis
1745 1230 1889 1302 tradun-

14 1379 79 1432 tur.
137 1361 221 1432 Hoc
248 1363 355 1459 igitur
380 1361 467 1436 loco
495 1380 634 1436 uttam
662 1365 844 1436 mirificam
884 1365 1035 1438 sormam
1066 1369 1100 1439 in
1134 1383 1271 1439 textum
1303 1369 1522 1464 recipiamus
1551 1366 1625 1438 fieri
1653 1363 1750 1438 nullo
1777 1383 1888 1460 pacto

14 1511 148 1590 potest.
206 1497 332 1588 Quare
361 1500 409 1571 ab
437 1500 648 1573 Hermanno
677 1516 715 1572 et
742 1498 970 1593 Ritscheliossy
1001 1502 1051 1572 ita
1076 1528 1205 1574 versus
1234 1503 1452 1574 constitutos
1479 1501 1649 1598 legimus:

170 1663 261 1753 μετὰ
288 1663 356 1757 γὰρ
380 1664 540 1757 μάκαρας
567 1669 625 1736 καὶ
667 1664 752 1748 Διὸς
789 1664 888 1756 ἰσχύν
913 1661 918 1765 Ι
943 1661 1002 1736 ὅδε
1036 1668 1225 1758 Καδμείων
1270 1663 1378 1760 ἤρυξε
1412 1665 1516 1737 πόλιν
1541 1665 1545 1767 ι
1570 1666 1618 1758 μὴ
1645 1663 1889 1759 ἀνατραπῆναι

13 1796 92 1888 μηδ’
120 1795 333 1868 ἀλλοδαπῶν
358 1796 362 1900 l
387 1800 516 1890 κύματι
544 1807 681 1888 φωτῶν
706 1798 710 1896 l
735 1803 1023 1890 κατακλυσθῆναι
1056 1801 1100 1870 τὰ
1132 1801 1294 1892 μάλιστα.
1350 1799 1562 1872 Dindorfius
1598 1825 1688 1872 vero
1723 1815 1798 1872 tres
1832 1798 1891 1894 qui

14 1948 96 2001 sunt
123 1933 275 2003 extremi
302 1958 432 2008 versus
458 1933 553 2005 hunc
581 1935 617 2005 in
644 1934 791 2007 modum
820 1934 947 2006 edidit:

172 2065 444 2160 μάνατραπῆναι
471 2067 550 2160 μηδ’
579 2067 793 2140 ἀλλοδαπῶν
816 2069 821 2164 l
844 2069 975 2161 κύματι
1002 2035 1139 2160 φάτνλν
1167 2073 1425 2163 κατακλυσθήν.

178 2229 230 2300 At
255 2231 368 2302 verba
395 2230 439 2302 τὰ
466 2230 619 2323 μάλιστα
646 2232 679 2303 111
708 2233 874 2304 omnibus
902 2228 999 2305 libris
1020 2249 1166 2305 exstant
1194 2258 1317 2328 neque
1344 2234 1467 2310 otiosa
1493 2259 1578 2306 esse
1606 2233 1689 2305 mihi
1714 2233 1889 2314 videntur,

17 2364 154 2459 quippe
181 2364 310 2458 quibus
339 2363 515 2437 Eteocles
545 2361 639 2466 (ὅδε)
666 2367 766 2437 haud
792 2367 968 2439 immerita
996 2364 1104 2439 laude
1133 2368 1315 2440 efferatur.

176 2525 379 2599 Dilucidum
409 2553 498 2600 vero
529 2547 586 2602 est
614 2528 841 2601 Dindorfium
875 2531 922 2601 ad
953 2528 1049 2602 illam
1078 2529 1273 2603 lectionem
1310 2532 1508 2604 adductum
1536 2559 1620 2604 esse
1648 2532 1827 2604 mendosa
1856 2530 1891 2600 in

15 2663 129 2755 primo
155 2663 381 2734 hemichorio
407 2690 576 2736 versuum
605 2665 802 2760 paucitate,
830 2665 877 2736 de
912 2691 985 2760 qua
1017 2666 1247 2738 Hermannus
1276 2667 1312 2736 in
1338 2684 1428 2738 nota
1461 2668 1580 2738 versui
1614 2671 1711 2758 1056
1741 2666 1891 2761 adjecta

16 2797 87 2868 hoc
115 2798 215 2868 dicit:
247 2800 498 2892 »comparatio
527 2799 673 2871 alterius
703 2801 913 2891 systematis
940 2801 1102 2872 ostendit
1129 2800 1315 2873 dimidium
1343 2827 1492 2872 versum
1520 2801 1735 2873 excidisse«
1780 2800 1891 2905 Qqu

15 2932 121 3023 igitur
147 2921 268 3004 vitium
294 2948 333 3003 ut
359 2948 502 3004 curaret
531 2933 752 3017 DindorfiuS,
791 2935 962 3006 extremis
994 2932 1144 3029 syllabis
1176 2936 1289 3007 tribus
1324 2937 1479 3019 omissis
1520 2936 1636 3006 verba
1669 2937 1791 3008 κοινὸν
1819 2935 1891 3006 τόδ)

14 3063 96 3156 ἀχος
123 3073 181 3137 καὶ
207 3068 309 3152 πόλις
352 3065 470 3152 ἄλλως
504 3068 539 3139 in
571 3095 678 3140 unum
711 3095 858 3140 versum
893 3071 1069 3142 contraxit
1099 3071 1261 3164 itemque
1299 3071 1428 3163 κύματι
1462 3079 1598 3161 φωτῶν
1633 3075 1888 3164 κατακλυσθῇν.

15 3201 88 3272 lam
116 3227 207 3274 vero
235 3229 365 3274 omnes
393 3203 470 3274 libri
499 3229 579 3275 curn
607 3207 650 3275 τὰ
676 3193 829 3296 μάλιστα
864 3220 900 3276 et
946 3204 1153 3276 infinitivum
1187 3206 1355 3277 usitatum
1382 3206 1594 3300 praebeant,
1623 3204 1692 3277 alia
1719 3207 1889 3300 profecto

13 3337 70 3407 via
100 3336 147 3407 ad
175 3327 296 3409 locum
324 3339 524 3409 sanandum
558 3339 797 3434 ingredienda
831 3341 910 3416 erit.
946 3365 1041 3434 quae
1075 3340 1221 3434 quidem
1255 3342 1301 3412 ab
1338 3341 1550 3412 Hermanno
1583 3342 1619 3413 in
1654 3343 1890 3414 annotatione

16 3472 64 3542 ad
92 3499 122 3542 y.
158 3477 253 3563 1056
280 3473 472 3543 indicatur:
504 3473 670 3545 »videtur
698 3490 817 3546 autem
846 3475 1024 3546 excidisse
1059 3482 1103 3566 τῇ
1122 3478 1312 3568 Καδμείων
1339 3474 1412 3560 vel,
1439 3493 1478 3547 ut
1507 3476 1726 3549 Ritschelius
1753 3478 1887 3550 Sched.

16 3605 89 3677 crit.
117 3633 150 3700 p.
187 3629 243 3698 15.
272 3633 327 3702 sq.
356 3607 514 3679 coniecit
540 3615 583 3698 τῇ
611 3611 862 3700 Καδμογενεῑ.ι

178 3771 263 3842 1100
290 3796 378 3843 vero
404 3767 487 3842 luce
514 3771 643 3842 clarius
669 3771 811 3843 videtur
851 3800 945 3858 esse,
987 3774 1163 3846 eiusmodi
1204 3773 1288 3846 loco
1330 3793 1368 3847 ut
1396 3775 1589 3871 Aeschylo
1630 3778 1785 3850 sormam
1816 3792 1889 3848 tam

17 3905 214 3979 inauditam
255 3921 293 3978 et
333 3931 477 3977 novam⁴
506 3906 677 3978 attribuat
702 3906 848 4003 'impelli
890 3908 1069 3981 editorem
1110 3911 1371 3992 non'debere,
1413 3913 1479 3983 nisi
1521 3913 1616 3984 sorte
1663 3912 1733 3985 alia
1787 3937 1878 4006 argu

16 4058 138 4115 menta
166 4041 352 4114 accedant.

180 4203 491 4303 Contemplandus
518 4203 625 4304 igitur
652 4211 743 4281 alter
770 4209 870 4282 locus
892 4224 956 4282 ‘est
981 4206 1107 4305 Suppl.
1139 4212 1223 4299 788.
1282 4210 1367 4301 Quo
1396 4211 1429 4283 in
1456 4209 1542 4282 loco
1570 4205 1790 4302 syllabarum
1819 4207 1889 4280 dis-

24 4341 196 4417 sensione
224 4359 263 4415 ut
291 4341 424 4438 aliquid
452 4369 627 4415 novemus
656 4369 728 4415 non
759 4346 932 4438 cogimur,
990 4343 1132 4415 Dixerit
1166 4361 1287 4417 autem
1322 4344 1448 4441 aliquis
1480 4369 1628 4416 causam
1659 4343 1815 4416 novandi
1841 4345 1887 4416 in-

19 4508 104 4552 esse
132 4481 165 4551 in
192 4504 264 4550 uno
294 4479 426 4550 codice
457 4487 503 4564 M,
532 4480 593 4574 qui
621 4481 820 4575 praebeat:
848 4479 931 4572 τῷδ’
961 4482 1158 4572 ἐχριμφδῆν
1190 4488 1309 4574 Χροῖν.
1365 4480 1442 4552 Sed
1469 4481 1504 4550 in
1537 4478 1607 4551 hac
1637 4495 1716 4552 tota
1743 4476 1889 4551 fabulae

18 4632 121 4711 parte
150 4613 209 4687 illo
236 4614 327 4686 libro
354 4615 672 4708 absurdaeatque
705 4615 854 4708 ineptae
880 4611 1058 4686 lectiones
1085 4613 1281 4697 traduntnr,
1308 4614 1345 4684 id
1373 4615 1474 4709 quod
1501 4641 1547 4685 ex
1573 4616 1668 4687 notis
1688 4613 1888 4686 Hermanni

19 4751 106 4823 satis
134 4775 317 4846 superque
347 4747 475 4821 elucet.
533 4748 658 4841 Quare
687 4765 724 4818 ut
751 4746 928 4842 permulta
960 4751 1055 4843 quae
1090 4744 1263 4842 corrupta
1298 4766 1380 4820 sunt
1413 4749 1588 4822 sarcirent
1613 4750 1696 4822 nihil
1722 4749 1886 4843 inexper-

19 4906 92 4958 tum
118 4887 183 4958 viri
211 4885 308 4956 docti
339 4886 548 4956 omiserunt.
606 4883 689 4975 Quo
730 4883 764 4954 in
801 4899 934 4955 conatu
967 4883 1178 4954 Dindorfius
1208 4884 1337 4954 iterum
1370 4885 1418 4955 ad,
1454 4885 1580 4957 miram
1611 4882 1705 4955 illam
1732 4881 1890 4954 infinitivi

350 5081 437 5090 ...u-⁴

159 5201 184 5284 ³)
230 5201 266 5261 In
289 5200 429 5262 editione
451 5199 577 5262 fabulae
601 5199 690 5282 Sept.
715 5201 787 5267 adv.
813 5197 952 5263 Thebas
1000 5199 1037 5264 ΙΙ.
1086 5199 1215 5282 Lipsiae
1243 5201 1334 5281 1875.
