4138 5758
921 972 1069 1106 Vita.

225 1168 341 1286 Natus
383 1237 478 1299 sum,
526 1211 670 1303 Jomun
719 1209 927 1292 KnnsraNS,
983 1207 1191 1282 Colmariae
1234 1205 1470 1280 Holsatorum
1514 1207 1618 1280 huius
1668 1206 1803 1280 saeculi
1842 1234 1946 1284 auno

66 1347 325 1421 MDCCCLIII
353 1371 384 1418 a.
414 1345 446 1416 d.
476 1343 561 1414 XIV
598 1340 678 1414 Kal.
706 1341 936 1428 Februarias
964 1359 1071 1438 patre
1105 1342 1291 1416 Friderico
1329 1343 1548 1431 Christiano,
1586 1357 1702 1414 matre
1732 1343 1891 1418 Caecilia
1919 1372 1944 1417 e

67 1498 180 1582 gente
206 1507 276 1554 van
308 1480 484 1553 Drathen.
540 1477 642 1548 Fidei
673 1476 841 1549 addictus
872 1503 951 1548 sum
984 1476 1236 1574 evangelicae.
1298 1477 1424 1574 Usque
1461 1476 1508 1550 ad
1542 1477 1673 1549 aetatis
1710 1501 1842 1550 annum
1868 1479 1937 1550 Xll

71 1633 266 1713 postquam
291 1613 361 1685 vici
389 1613 551 1686 scholam
578 1608 759 1706 publicam
785 1611 1019 1706 frequentavi,
1051 1610 1308 1684 ecclesiastico
1339 1611 1405 1682 vici
1434 1636 1456 1681 a
1486 1612 1604 1706 patrio
1636 1636 1709 1684 uon
1741 1611 1792 1684 ita
1826 1610 1939 1707 longe

75 1749 242 1823 distantis
270 1749 423 1821 traditus
451 1745 697 1842 elegantiores
718 1771 810 1840 quas
831 1745 953 1818 dicunt
972 1744 1181 1840 disciplinas
1201 1746 1343 1818 discere
1365 1745 1483 1840 coepi.
1529 1743 1641 1816 Anno
1666 1746 1940 1819 sextodecimo

75 1900 210 1958 exacto
229 1884 264 1954 in
282 1881 462 1979 gymnasii
477 1879 649 1952 Altonani
669 1879 834 1951 ordinem
854 1879 1050 1952 secundum
1069 1898 1241 1974 receptus
1261 1906 1351 1967 sum,
1374 1879 1430 1951 cui
1449 1904 1579 1952 nomen
1602 1896 1659 1951 est
1675 1880 1940 1954 Christianeum

71 2018 245 2116 quodque
265 2015 418 2089 Luchtio
446 2014 630 2086 directore
658 2031 696 2084 et
722 2029 795 2085 turn
822 2013 978 2085 florebat
1004 2031 1043 2085 et
1068 2013 1174 2085 floret
1194 2013 1319 2086 hodie.
1359 2013 1448 2086 Post
1473 2028 1645 2108 quattuor
1664 2014 1798 2086 deinde
1818 2040 1938 2088 annos

68 2151 285 2226 maturitatis
315 2149 477 2222 examine
506 2148 715 2243 perfunctus
734 2148 770 2218 in
788 2148 1059 2220 universitatem
1078 2148 1277 2219 litterarum
1297 2146 1579 2240 Tubingensem
1594 2148 1833 2246 commigravi
1850 2175 1938 2221 vere

70 2285 153 2357 anni
173 2280 518 2366 MDCCCLXXIII,
546 2281 606 2352 ubi
632 2281 762 2352 scholis
791 2307 875 2354 usus
903 2308 981 2354 sum
1007 2282 1137 2354 horum
1164 2281 1319 2352 virorum
1340 2280 1547 2353 doctorum:
1579 2281 1741 2376 Herzog,
1762 2283 1936 2366 Koestlin,

69 2419 218 2512 Kugler,
250 2440 282 2488 v.
321 2415 428 2499 Roth,
454 2440 486 2486 ν.
505 2413 707 2502 ιΝοοῐάεῃ,
738 2417 928 2504 Schwabe,
959 2416 1113 2488 Teuffel.
1128 2418 1198 2486 Per
1224 2415 1292 2486 tria
1311 2414 1503 2488 semestria
1524 2414 1572 2486 ibi
1601 2433 1846 2488 commoratus
1871 2441 1928 2487 me

69 2551 231 2647 Lipsiam
259 2548 405 2634 contuli,
435 2549 495 2620 ubi
521 2547 701 2621 institutus
730 2576 808 2621 sum
838 2576 859 2621 a
890 2551 975 2622 viris
1008 2551 1143 2622 doctis:
1171 2552 1325 2638 Braune,
1357 2549 1509 2633 Curtius
1537 2549 1733 2634 Fritzsche,
1761 2549 1936 2638 Herman,

70 2685 204 2773 Hirzel,
226 2683 434 2767 Overbeck,
455 2683 597 2776 Lange,
617 2681 765 2756 Ritschl.
793 2683 884 2755 Post
902 2684 957 2756 bis
978 2710 1044 2756 sex
1062 2710 1210 2756 menses
1230 2684 1313 2755 inde
1334 2708 1391 2755 me
1407 2681 1539 2754 Kiliam
1560 2683 1726 2756 converti
1745 2700 1782 2756 et
1800 2682 1940 2756 scholis

70 2820 213 2892 interfui
231 2845 289 2891 vv.
319 2816 370 2891 ill:
395 2817 693 2905 Forchhammer,
715 2817 913 2905 Luebbert,
935 2819 1114 2902 Moebius,
1130 2815 1284 2900 Pfeiffer,
1300 2817 1505 2900 Plleiderer,
1523 2815 1709 2902 Thaulow,
1725 2815 1940 2919 Weinhold

23 3009 28 3018 .
69 2951 339 3048 Volquardsen.
388 2950 670 3024 Seminariorum
691 2953 846 3048 denique
868 2951 1189 3025 exercitationibus
1213 2951 1352 3024 interlui
1377 2951 1522 3024 horum:
1561 2950 1816 3047 Tubingensis
1837 2952 1941 3024 cuius

1 3151 2 3160 ,
69 3088 326 3159 moderatores
355 3102 458 3157 erant
484 3111 544 3155 vv.
578 3082 627 3156 ill.
663 3084 806 3157 Teuffel
839 3103 878 3158 et
913 3087 1110 3175 Schwabe,
1150 3087 1319 3160 Kiliensis
1354 3084 1564 3181 philologici
1597 3085 1840 3159 directoribus
1875 3112 1938 3160 vv.

1 3213 2 3218 ἵ
69 3218 117 3293 ill.
146 3220 432 3292 Forchhammer
460 3234 496 3289 et
533 3218 730 3306 Luebbert,
764 3211 983 3308 Germanici,
1018 3220 1073 3291 cui
1109 3238 1220 3293 antea
1255 3237 1427 3316 praeerat
1458 3246 1493 3291 v.
1526 3217 1569 3291 ill.
1609 3217 1811 3303 Weinhold,
1843 3245 1941 3292 nunc

3 3377 4 3404 r
69 3369 221 3449 praeest
244 3380 276 3427 v.
303 3352 349 3425 ill.
376 3352 538 3425 Pseiffer.
595 3352 735 3444 Quibus
755 3354 920 3426 omnibus
948 3354 1034 3426 viris
1064 3355 1200 3449 optime
1221 3354 1268 3428 de
1287 3344 1347 3427 me
1373 3354 1507 3428 meritis
1528 3377 1602 3425 non
1631 3379 1781 3450 possum
1814 3352 1940 3426 lacere

71 3488 157 3583 quin
182 3513 228 3560 ex
254 3487 376 3559 intimo
405 3487 523 3558 animo
552 3487 688 3580 gratias
716 3512 824 3581 agam
851 3513 958 3582 quam
984 3485 1165 3582 plurimas.
1195 3529 1245 3541 -
