4138 5758
976 277 1019 356 4⁰11

874 371 961 378 ηις-.-
968 371 1182 378 ——um—

212 482 529 581 ὁρκοιμοιέοι
557 487 657 582 Sept.
695 495 753 575 46.
783 488 882 558 Eum.
923 493 1005 576 766.
1038 533 1086 540 —
1124 488 1289 584 ἄραρέ
1321 519 1399 576 τις
1435 488 1589 586 ὅρκος
1623 493 1693 590 hg.
1734 495 1840 584 1285.
1875 539 1923 546 -

49 621 350 716 ξιιιιόμοομι
377 622 468 695 Cho.
500 626 586 713 989.
617 622 832 695 Huiusmodi
861 625 1010 697 verbum
1048 627 1107 697 ubi
1141 650 1221 696 cum
1259 642 1427 721 tempore
1468 628 1655 725 praesenti
1696 628 1924 700 coniunctum

35 773 106 828 ‘est
131 757 204 828 hoc
234 757 425 850 significat:
469 756 625 852 aliquam
654 784 731 830 rem
760 758 836 830 fieri
864 759 939 831 sive
969 759 1106 832 adesse
1136 777 1263 831 sancte
1303 759 1550 858 religioseque
1579 761 1792 834 confirmare
1820 761 1924 836 velut

48 891 150 985 Sept.
181 915 199 984 5
208 917 256 986 30
278 891 412 987 ’ὄμνυσι
439 892 596 986 ιλάἰχμὴιι
624 889 669 986 ἣν
698 896 766 984 ἔχει
784 902 920 988 μᾶλλον
942 898 1027 966 {laon
1047 898 1162 981 σέβειν
1182 896 1317 966 ferocia
1337 896 1450 968 iactat
1470 899 1587 968 verba
1608 897 1922 992 Parthenopaeus.

204 1028 349 1102 Deinde
379 1028 494 1100 verba
521 1028 727 1100 confidendi
757 1046 795 1100 et
822 1031 1015 1125 sperandi:

204 1165 519 1257 προσιλοκάιο
547 1164 603 1236 Pr.
635 1187 721 1256 930.
751 1167 837 1254 988.
874 1208 919 1216 --
957 1169 1188 1236 πέποιθα
1222 1167 1327 1260 Sept.
1367 1189 1453 1258 445.
1491 1189 1575 1259 525.
1611 1168 1710 1240 Pers
1749 1174 1835 1239 602.
1871 1213 1921 1220 ——

47 1301 339 1391 έαέλαομαι
367 1299 439 1394 Ag.
475 1323 581 1391 1033.
610 1345 658 1352 -
689 1298 906 1382 εὔελπίς
935 1304 1044 1393 εἰμι
1077 1301 1130 1371 Pr.
1167 1323 1252 1392 510.
1284 1345 1327 1356 -—
1361 1306 1558 1392 ἐλπίζοι
1583 1302 1688 1374 Pers.
1729 1308 1811 1391 746.
1847 1301 1920 1395 Ag.

50 1438 158 1525 1058.
215 1435 394 1506 Praesens
437 1436 540 1506 vides
569 1434 662 1507 Cho.
699 1437 781 1505 188.
823 1442 901 1520 πώς
942 1435 1008 1528 γὰο
1037 1438 1168 1506 ἐλπίσω
1196 1433 1319 1507 (intutu
1349 1434 1414 1507 τιν’
1443 1435 1552 1508 ἄλλον
1581 1439 1688 1529 winda
1730 1435 1917 1526 ιλεσσιόζιιιι

43 1569 173 1662 φόβηςς
212 1569 403 1664 quomodo
436 1572 618 1664 (sperans)
662 1569 790 1664 opiner
833 1567 938 1641 alium
982 1595 1090 1665 quem
1118 1570 1247 1642 civium
1276 1571 1430 1642 cincinni
1456 1572 1560 1642 huius
1595 1571 1780 1643 dominum
1813 1573 1919 1642 esse?

45 1705 188 1775 Eodem
219 1706 328 1776 modo
362 1704 435 1776 hoc
471 1721 616 1799 tempus
652 1704 754 1797 Sept.
789 1714 837 1797 76
874 1721 1086 1800 usurpatum
1125 1723 1194 1777 est.
1234 1751 1277 1758 —-
1340 1709 1488 1790 έλαίς
1528 1710 1678 1777 ἐστιν
1719 1705 1793 1801 Ag.
1833 1713 1915 1796 679.
2027 1727 2029 1732 ·

49 1813 244 1933 (Praesens
271 1839 373 1934 Sept.
404 1849 507 1933 367).

200 1975 292 2046 Tum
319 1976 435 2046 verba
462 1975 709 2070 promittendi,
738 1975 935 2063 minitandi,
964 1973 1144 2069 gloriandi
1172 1991 1210 2046 et
1232 2002 1331 2071 ‘quae
1360 1975 1394 2046 in
1422 1975 1630 2047 universum
1667 1976 1810 2047 dicendi
1841 1976 1909 2048 vim

42 2137 129 2205 prae
160 2136 200 2180 se
231 2110 366 2184 serunt:
404 2107 695 2204 ὑπίσχομαι
725 2112 828 2184 Eum.
869 2114 953 2202 807.
987 2156 1037 2162 ——
1074 2118 1302 2202 στεομαι
1338 2111 1437 2182 Pers.
1469 2134 1527 2200 49.
1562 2111 1724 2182 Verbum
1759 2109 1910 2182 αόιιιλέοι

42 2247 144 2342 Sept.
177 2270 246 2334 441
281 2271 461 2340 praesens
489 2247 649 2342 sequitur
686 2253 763 2342 ,aar
800 2249 906 2340 donin:
948 2246 1214 2318 minitabundus
1256 2247 1453 2341 Capaneus
1496 2249 1675 2318 exclamat
1709 2272 1788 2317 sesc
1818 2271 1899 2316 eum
1939 2221 1942 2228 ι

41 2408 136 2466 esse,
164 2383 225 2479 qui
265 2382 383 2454 omnia
414 2395 613 2477 perpetret.
648 2426 697 2432 —
731 2376 1024 2474 ἐπεύχομαι
1060 2382 1130 2478 ng.
1171 2387 1275 2473 1263.
1312 2359 1362 2435 ζ-
1401 2380 1570 2473 αὐχέσι
1607 2385 1661 2454 Pr.
1702 2405 1783 2474 339.
1814 2387 1897 2455 668.

44 2521 129 2605 689.
163 2527 250 2610 603.
280 2520 376 2590 Pers
410 2537 495 2608 741.
525 2516 650 2612 Suppl.
696 2539 781 2607 320.
827 2515 899 2612 ng.
945 2534 1029 2607 507.
1085 2517 1267 2589 Praesens
1309 2516 1381 2611 hg.
1425 2521 1535 2608 1487.
1566 2563 1611 2572 --
1645 2525 1774 2611 φημί
1800 2517 1902 2611 Sept.

43 2671 130 2742 427.
159 2653 231 2746 ng.
267 2659 374 2743 1246.
427 2643 534 2743 1615.
577 2651 672 2724 Cho.
721 2669 828 2739 1027.
871 2653 970 2723 Eum.
1013 2673 1084 2743 555
1115 2697 1164 2704 -
1205 2652 1387 2742 φάσκιο
1419 2652 1510 2724 Cim.
1544 2673 1627 2742 277.
1685 2653 1903 2748 Deniquea

39 2789 160 2860 verbis
187 2789 382 2884 cogitandi.
411 2787 561 2882 putandi
590 2786 697 2859 futuri
723 2786 912 2858 infinitivus
941 2788 1093 2880 pendet:
1130 2792 1313 2880 ολομαι
1346 2787 1399 2858 Pr.
1446 2791 1530 2860 208.
1569 2793 1653 2876 269.
1683 2788 1788 2882 Sept.
1820 2791 1904 2878 865.

42 2923 139 2994 Pers.
171 2943 255 3014 749.
286 2968 333 2976 -
363 2925 528 2994 δοκέιο
555 2923 654 3009 Pers,
685 2927 772 3011 476.
802 2965 853 2973 —
882 2922 1039 2992 έοικα
1072 2923 1126 2995 Pr.
1158 2927 1245 3012 984.
1282 2942 1385 3011 1007.
1414 2923 1515 3018 Sept.
1542 2914 1633 3014 545.
1662 2922 1789 3017 Suppl.
1820 2947 1907 3012 909.

40 3058 115 3153 Ag.
150 3060 258 3150 1083.
294 3060 541 3130 11611181.
571 3056 661 3128 Cho.
694 3059 779 3146 884.
810 3080 895 3145 922.
923 3057 1024 3128 Eum.
1055 3078 1142 3145 900.

201 3194 286 3264 Hoc
314 3194 347 3264 in
376 3191 504 3264 ordine
536 3193 645 3264 etiam
672 3192 821 3263 verbum
849 3194 967 3282 μέλλοι
1000 3192 1358 3264 commemorandum
1387 3211 1452 3276 est,
1481 3193 1581 3288 quod
1612 3209 1785 3289 quattuor
1811 3193 1905 3265 locis

41 3355 120 3401 cum
162 3329 331 3400 infinitivo
373 3328 476 3399 futuri
516 3327 765 3399 consociatum
808 3311 1017 3398 invenimus.
1081 3328 1199 3418 Quam
1242 3344 1459 3399 structuram
1492 3354 1538 3398 cx
1581 3324 1766 3422 principali
1801 3325 1909 3400 huius

40 3465 145 3537 uocis
184 3480 311 3537 natura
344 3464 592 3536 reducendam
631 3490 714 3534 esse
750 3478 856 3534 const
882 3478 905 3532 t.
966 3461 1090 3558 Atque
1125 3463 1209 3534 olim
1246 3463 1392 3558 quidem
1429 3479 1511 3534 orta
1538 3470 1627 3558 'esse
1664 3463 1858 3534 dicebatur
1884 3489 1907 3533 e

42 3601 165 3673 radice
205 3627 277 3694 μαι)
309 3600 473 3695 (Benfey,
502 3600 635 3687 Christ,
665 3599 707 3671 L.
744 3599 904 3693 Meyer),
953 3614 1078 3668 nostro
1118 3612 1283 3692 tempore
1319 3598 1476 3694 (Curtius
1509 3598 1730 3708 Grundztige
1766 3615 1835 3670 etc.
1872 3624 1908 3690 p.

47 3740 135 3832 309)
167 3736 200 3808 in
229 3736 389 3806 radicem
419 3757 519 3829 σμαρ,
558 3763 624 3828 μισ
650 3749 852 3815 revocatur,
893 3733 926 3803 in
969 3758 1041 3829 qua
1083 3734 1270 3830 cogitandi
1300 3736 1401 3837 notio
1436 3733 1540 3806 inest.
1596 3733 1704 3824 Quae
1736 3733 1788 3803 vis
1816 3731 1844 3802 si
1873 3732 1910 3802 iu

1976 3861 1978 3868 ·
2042 3867 2043 3908 1

2039 3929 2042 4021 l

39 4007 236 4079 vocabula:
267 4009 388 4090 δοκέοι,
417 4009 533 4098 ολομαι
564 4019 631 4076 etc.
686 4004 777 4076 Cum
814 4028 906 4074 vero
951 4004 1085 4075 sensim
1126 4004 1196 4075 vim
1239 4003 1501 4078 voluntativam
1538 4004 1746 4099 susciperet
1777 4004 1902 4086 sactum
2038 4037 2041 4134 7

40 3874 155 3943 verbo
186 3885 350 3942 remanet
384 3870 515 3942 eadem
555 3869 827 3940 constructione
859 3871 976 3960 μέλλοι
1018 3868 1134 3952 utitur,
1174 3894 1246 3963 qua
1279 3870 1347 3940 alia
1383 3895 1478 3965 quae
1514 3869 1694 3941 attulimus
1730 3867 1908 3939 eiusmodi

41 4159 99 4214 est
127 4157 165 4214 ut
191 4141 395 4214 consimiles
435 4155 559 4235 partes
600 4156 728 4210 tenere
771 4139 974 4210 institueret
1000 4162 1046 4211 ac
1081 4142 1188 4227 lls'tro,
1219 4140 1399 4234 βούλομαι,
1435 4166 1529 4235 quae
1572 4139 1776 4211 infinitivum
1806 4134 1906 4210 futuri

39 4279 204 4372 recipere
232 4291 427 4372 nequeunt,
456 4275 492 4346 id
520 4275 620 4369 quod
653 4274 765 4346 hodie
801 4291 903 4345 certe
940 4275 1033 4346 inter
1065 4300 1193 4346 omnes
1233 4276 1379 4348 videtur
1418 4278 1648 4370 exploratum
1681 4301 1777 4347 esse.
1809 4275 1907 4346 Nam

40 4415 148 4487 etiam
175 4411 243 4485 loci
272 4410 513 4508 Thucydidei
543 4437 564 4482 e
594 4411 722 4508 quibus
752 4413 835 4483 olim
854 4410 917 4481 viri
932 4409 1028 4481 docti
1048 4408 1156 4482 talem
1176 4437 1279 4482 usum
1304 4437 1431 4484 eruere
1452 4424 1719 4494 consueverant
1738 4451 1780 4463 -
1800 4410 1906 4480 velut

39 4548 211 4645 Krueger
237 4574 292 4644 gr.
323 4549 346 4634 Ι,
377 4568 435 4640 53,
467 4565 499 4635 7.
535 4571 572 4617 11
606 4547 834 4643 Thucydidis
861 4553 952 4624 locis
981 4552 1099 4625 nititur
1126 4576 1161 4643 4,
1197 4577 1276 4636 121,
1311 4560 1394 4644 136,
1425 4572 1483 4644 57,
1512 4578 1544 4642 23
1572 4559 1606 4642 6,
1628 4559 1670 4623 61
1704 4595 1754 4605 —
1783 4575 1909 4623 recen-

39 4686 168 4759 tiorum
197 4683 401 4757 criticorum
429 4708 545 4777 opera
580 4684 764 4757 emendati
798 4704 889 4758 sunt.
943 4687 1227 4782 Diligentissime
1263 4690 1355 4760 hanc
1392 4690 1425 4760 in
1453 4715 1530 4760 rem
1570 4687 1750 4783 inquisivit
1776 4685 1908 4758 Forss-

40 4850 147 4899 mann
194 4849 230 4918 p.
277 4820 472 4912 35-,-37¹).
540 4819 683 4894 Tamen
726 4824 863 4896 Graeci
901 4842 1066 4896 veterem
1113 4825 1214 4895 verbi
1266 4824 1572 4920 significationem
1614 4840 1688 4896 tam
1728 4819 1907 4894 tenaciter

44 4961 428 4968 „affl-*Q—

181 5004 204 5086 ¹)
250 5001 375 5066 Theod.
401 5004 608 5096 Forssmann‚
635 5002 675 5064 dc
691 5001 831 5065 infinitivi
854 5012 1037 5085 temporum
1061 5024 1117 5064 usu
1134 5000 1356 5082 Thucydideo,
1381 5023 1479 5083 quam
1502 5003 1808 5067 commentationem
1825 5000 1907 5082 legis

249 5112 280 5174 in
307 5111 455 5173 »Curtius
478 5109 633 5174 Studien«
662 5108 716 5184 Vl,
746 5128 768 5171 1.
796 5111 883 5191 Lips.
912 5113 1001 5190 1873.
