4138 5758
1158 296 1231 386 17'

239 546 336 620 quae
363 533 580 614 sequuntur:
612 519 711 588 πνέον
727 565 730 574 ·
744 541 801 586 τοι
837 517 942 607 μένος
977 508 1119 585 ἅπαντα
1145 543 1185 586 τε
1210 512 1324 587 κότον.
1381 513 1506 606 Quare
1533 529 1574 586 ut
1599 513 1649 586 sic
1677 513 2000 610 interpretemurv

236 655 519 754 proposuerim:
550 678 610 724 me
637 651 731 724 haec
758 647 902 745 perpeti
931 649 997 720 sub
1027 648 1205 745 terrisque
1233 650 1397 723 habitare
1426 649 1680 722 inhonoratam
1708 663 1821 746 atque
1847 649 1999 721 invisam

398 791 565 863 Alterum
583 783 790 882 exemplum
808 784 903 856 inest
921 785 956 856 in
975 784 1147 880 Aegisthi
1166 786 1287 857 verbis
1307 785 1381 882 Ag.
1409 789 1503 856 1662
1526 811 1582 880 sq.
1603 781 1692 855 ἀλλὰ
1719 781 1837 856 τούσδ’
1857 786 1931 877 ἐμοὶ
1958 813 2000 876 μα

236 936 406 1022 γλῶσσαν
433 916 495 996 uid
520 921 716 994 ἀπανθίσαι
740 919 745 1019 Ι
771 917 956 1006 κάκβαλεῖν
984 919 1049 1012 ἐ’πη
1076 926 1224 991 τοιαῦτα
1255 922 1422 1012 δαίμονος
1447 922 1698 1014 πειρωμένους,
1724 915 1728 1016 l
1753 917 1941 1014 σώφρονος
1967 947 2000 1011 γν

236 1061 265 1133 d'
267 1059 440 1156 ἁμαρτεῖν
484 1058 546 1129 τὸν
592 1062 802 1151 κρατοῦντα.
862 1053 900 1125 In
947 1049 1045 1125 libris
1091 1053 1238 1148 quidem
1284 1054 1378 1127 haec
1424 1069 1546 1126 exstat
1585 1053 1711 1144 lectio:
1743 1052 1930 1148 σώφρονος
1968 1081 2000 1146 γν

237 1192 472 1291 δ’ἁμαρτῆτον
516 1199 725 1287 κρατοῦντα.
808 1189 942 1261 Latere
988 1205 1108 1261 autem
1150 1188 1185 1260 in
1221 1213 1315 1261 voce
1355 1185 1560 1284 ἁμαρτῆτον
1604 1186 1789 1260 vocabula
1826 1184 1996 1292 ἁμαρτεῖν

238 1332 308 1402 iam
343 1328 583 1401 Casaubonus
623 1322 720 1421 vidit,
758 1347 854 1417 quae
893 1322 1074 1394 sententia
1113 1324 1159 1395 ab
1201 1323 1364 1396 omnibus
1398 1322 1481 1395 viris
1531 1322 1649 1394 doctis
1700 1323 1858 1418 probata
1890 1322 1924 1394 in
1965 1321 2000 1392 dt

236 1466 291 1536 vix
332 1461 460 1536 vocari
502 1475 642 1558 potest,
687 1474 725 1529 ut
769 1473 906 1528 certam
947 1457 1121 1552 beneque
1165 1458 1338 1532 munitam
1381 1457 1584 1530 habeamus
1625 1457 1850 1552 scripturam.
1905 1458 1977 1529 lam

233 1598 376 1696 plurimi
418 1596 579 1668 editores
620 1593 674 1665 his
716 1593 750 1664 in
792 1591 916 1662 verbis
958 1590 1189 1665 offenderunt
1225 1608 1262 1665 et
1299 1593 1405 1665 alium
1437 1593 1478 1665 iis
1514 1591 1794 1689 assignaverunt
1823 1593 1945 1664 locum
1952 1620 1961 1704 ρ
1990 1619 2000 1662 1

236 1733 335 1805 enim
364 1731 479 1803 verba
507 1729 634 1824 quibus
669 1727 749 1822 ipse
782 1726 1010 1820 vituperetur
1038 1726 1222 1822 Aegistho
1260 1727 1404 1799 attribui
1431 1753 1557 1823 posse.
1604 1726 1838 1798 Hermannus
1879 1725 1986 1822 igitur

235 1894 269 1938 v.
318 1872 413 1958 1655
458 1889 502 1937 ea
544 1861 746 1944 collocavit,
790 1861 917 1956 Enger
964 1907 1013 1914 -—
1058 1860 1202 1934 Gilbert
1248 1880 1336 1958 post
1379 1888 1411 1934 v.
1462 1869 1553 1954 1651
1594 1859 1759 1933 lacunam
1802 1858 1956 1956 explens
1989 1889 2000 1932 t

236 2000 300 2073 οὐκ
328 1993 498 2095 εὐπρεπές
523 1996 582 2070 vel
611 1996 794 2068 similibus,
850 1996 957 2087 Quae
987 1989 1223 2069 coniecturae
1244 1996 1408 2092 quamvis
1437 1997 1507 2069 sint
1526 1995 1700 2092 speciose
1728 1995 1963 2092 excogitatae
1990 2023 2000 2068 r

236 2151 358 2206 tamen
391 2133 473 2205 mihi
504 2134 632 2227 placet
667 2131 832 2203 Dindorfi
863 2131 998 2227 opinio,
1036 2156 1109 2203 non
1143 2129 1201 2203 illa
1235 2131 1381 2226 quidem
1408 2132 1444 2203 in
1478 2131 1638 2204 editione
1680 2130 1865 2226 Lipsiensi
1891 2132 2000 2226 prolat

233 2295 307 2364 qua
336 2293 408 2363 quo
435 2269 522 2339 loco
552 2266 695 2338 suerunt
724 2267 858 2338 eodem
886 2267 1001 2338 verba
1030 2291 1101 2338 uno
1130 2282 1258 2338 tenore
1288 2266 1433 2362 scripsit
1460 2265 1554 2339 nulla
1586 2265 1875 2360 interpunctione
1902 2265 2000 2337 addit

231 2419 304 2474 tum
321 2403 416 2475 enim
431 2401 464 2474 in
479 2403 557 2473 illas
582 2399 820 2484 difficultates
835 2401 964 2496 quibus
982 2402 1209 2474 Hermannus
1225 2403 1357 2498 aliique
1373 2401 1421 2473 ad
1442 2389 1654 2475 mutandum
1683 2401 1853 2473 commoti
1868 2416 1961 2485 sunt,
1990 2400 1999 2471 i

233 2537 343 2608 rimus
357 2581 407 2590 -
422 2538 489 2608 sed
503 2537 539 2608 in
556 2535 718 2608 editione
730 2533 930 2609 Oxoniensi
948 2537 1142 2621 enuntiata,
1157 2537 1190 2608 in
1207 2563 1279 2633 qua
1298 2537 1379 2632 ipsa
1395 2560 1544 2632 quoque
1561 2535 1743 2630 Aegistho
1758 2535 1879 2608 tribuit
1892 2537 2000 2608 verba

232 2687 318 2765 post
332 2671 548 2744 vocabulum
564 2666 735 2764 ἁμαρτεῖν
751 2671 982 2766 interpungit.
1030 2671 1115 2764 Quo
1132 2671 1230 2744 lacto
1245 2673 1342 2744 bene
1358 2671 1438 2765 regi
1454 2671 1572 2743 oratio
1588 2671 1766 2754 convenit,
1782 2671 1895 2742 modo
1906 2688 1945 2742 ut
1959 2696 2000 2743 ve

229 2803 407 2877 vocabulo
423 2806 633 2899 expleamus
649 2829 743 2900 opus
760 2820 834 2892 est,
852 2807 953 2900 quod
968 2806 1150 2902 significet
1165 2809 1350 2901 λοιδορεῖν,
1366 2803 1619 2895 ὀνοτάζεοθαι,
1634 2801 1732 2877 velut
1749 2802 1957 2899 ἀραμένους
1970 2831 2000 2876 vt

233 2935 479 3010 Blomfieldius
507 2938 706 3033 proposuit,
735 2935 914 3034 ‹l’c‘thtout
969 2943 1020 3012 lta
1052 2941 1146 3013 enim
1182 2942 1296 3013 verba
1329 2965 1374 3013 eo
1402 2938 1487 3013 loco
1516 2941 1551 3013 in
1587 2965 1660 3036 quo
1687 2939 1822 3013 tradita
1851 2955 1932 3012 sunt
1961 2940 2000 3011 in*

230 3097 422 3145 servamus
456 3097 574 3167 neque
610 3072 783 3144 maiorem
823 3099 931 3168 quam
970 3075 1082 3147 ceteri
1114 3075 1336 3170 interpretes
1371 3075 1405 3147 in
1425 3076 1552 3158 verbo
1571 3074 1760 3147 'addendo
1789 3072 2000 3146 licentiam:

232 3208 413 3278 sumimus,
479 3205 610 3301 Neque
638 3232 727 3279 vero
749 3205 894 3280 difficile
916 3224 973 3282 est
1001 3233 1178 3282 excusare
1204 3209 1470 3283 verbositatem
1498 3235 1608 3304 quam
1638 3209 1762 3281 inesse
1789 3207 1824 3280 in
1852 3206 1910 3279 illa
1938 3233 2000 3281 ora

233 3339 363 3412 dixerit
388 3340 575 3436 quispiam.
631 3341 752 3433 Quid?
785 3366 907 3415 nonne
936 3343 1010 3416 hoc
1039 3369 1086 3416 ex
1113 3360 1241 3417 natura
1277 3345 1460 3417 hominum
1487 3345 1533 3428 fit,
1561 3358 1599 3414 ut
1626 3344 1687 3438 qui
1712 3343 1764 3414 ira
1790 3343 1997 3416 inflammati

231 3476 265 3547 ei
301 3501 395 3571 quae
429 3475 582 3547 animum
613 3494 779 3571 pungant
810 3493 920 3574 atque
960 3495 1065 3552 urant
1098 3505 1143 3552 ea
1182 3479 1341 3574 pluribus
1385 3479 1505 3550 verbis
1545 3492 1732 3572 exponant
1770 3502 1878 3571 quam
1912 3493 2000 3549 tran<

230 3611 349 3682 animo
391 3610 466 3682 fieri
510 3611 623 3682 solet?
689 3612 817 3707 Itaque
859 3629 986 3686 nostro
1029 3639 1178 3709 quoque
1220 3615 1306 3686 loco
1328 3613 1534 3688 infinitivus
1577 3612 1638 3706 qui
1673 3611 1802 3683 dicitur
1830 3613 2000 3684 exclamat

235 3745 369 3837 optime
397 3770 438 3817 se
466 3746 606 3818 habere
634 3748 785 3831 videtur,
821 3773 930 3843 quern
960 3749 1192 3821 Hermannus
1230 3765 1269 3820 et
1295 3749 1422 3842 Enger
1456 3747 1642 3820 evitarunt.
1706 3745 1819 3842 Atqui
1854 3747 1900 3817 ab
1929 3746 2000 3820 Aes

231 3902 401 3952 sermone
429 3906 664 3976 nequaquam
693 3881 848 3954 alienum
876 3908 957 3955 eum
986 3909 1071 3956 esse
1103 3899 1211 3957 antea
1236 3883 1325 3956 satis
1353 3885 1630 3956 demonstrasse
1658 3880 1764 3953 nobis
1792 3881 2000 3974 videmur(

228 4013 305 4082 hoc
334 4037 477 4109 quoque
506 4017 711 4110 exemplum
740 4017 789 4087 ad
815 4014 899 4088 illud
928 4018 1085 4090 infinitivi
1114 4043 1232 4113 genus
1262 4018 1450 4091 ascribere
1479 4042 1554 4089 non
1583 4016 1796 4089 dubitamus.

390 4146 529 4238 Quodsi
566 4151 614 4221 ad
649 4175 730 4222 eum
761 4150 810 4223 de
846 4177 919 4247 quo
963 4152 1082 4224 adhuc
1119 4127 1267 4248 egimus
1295 4153 1450 4226 infinitivi
1480 4178 1582 4224 usum
1621 4150 1831 4246 respicimus
1864 4153 2000 4226 brevite

230 4305 322 4373 quae
354 4307 376 4353 a
406 4283 509 4356 nobis
537 4275 724 4380 disputata
761 4301 842 4358 sunt
879 4286 1227 4382 comprehendimus
1263 4313 1338 4362 non
1365 4313 1447 4360 eum
1482 4304 1557 4359 tam
1586 4285 1750 4380 angustis
1777 4286 1941 4360 videmus
1969 4290 2000 4362 fit

229 4433 397 4509 saeptum
438 4440 521 4489 esse
557 4443 667 4514 quam
699 4420 797 4515 apud
831 4420 1039 4506 Homerum,
1074 4422 1134 4518 qui
1166 4424 1248 4495 nihil
1288 4422 1463 4495 adhibeat
1492 4421 1557 4494 nisi
1590 4421 1742 4517 primum
1775 4423 1876 4516 quod
1911 4425 2000 4520 attig

227 4574 355 4642 genus.
413 4550 558 4624 Etenim
592 4552 799 4646 Aeschylus
842 4555 951 4627 etiam
992 4556 1028 4627 in
1073 4558 1263 4652 phrasibus
1311 4554 1577 4630 adverbialibus
1617 4571 1656 4627 et
1695 4554 1731 4628 in
1771 4554 2000 4632 exclamatior

226 4681 434 4755 infinitivum
468 4689 668 4780 usurpavit,
697 4688 766 4760 sed
810 4706 931 4761 tamen
961 4691 1123 4763 modicus
1160 4693 1195 4764 ei
1223 4710 1280 4764 est
1306 4693 1364 4764 hic
1391 4717 1486 4764 usus,
1541 4690 1615 4762 Eas
1643 4715 1732 4761 vero
1760 4688 1971 4776 locutiones
1999 4733 2000 4754 ν

226 4817 373 4889 articulo
403 4821 617 4915 praeposito
645 4824 897 4897 conformatae
926 4843 1009 4897 sunt
1038 4827 1183 4899 omnino
1208 4827 1346 4923 respuit
1372 4845 1483 4922 atque
1511 4825 1674 4898 evitavit.
