4138 5758
977 284 1020 358 48

57 520 112 564 ναι
141 490 404 590 praenuntians
429 516 611 586 nunquam
639 508 726 587 post
753 487 847 561 [ovis
870 515 1040 585 magnam
1068 489 1156 560 iram
1190 489 1328 572 (Iovem
1362 492 1600 564 vehementer
1628 487 1768 580 iratum)
1797 492 1929 564 urbem

58 625 215 699 fertilem
243 624 526 723 opulentamque
553 623 790 698 reddituram.

214 760 286 854 Ag.
318 769 389 853 675
421 759 612 832 Μενέλαον
638 759 705 854 γὰρ
733 752 798 830 οὖν
825 759 971 853 moninio
1006 787 1045 830 τε
1081 765 1138 852 καὶ
1170 759 1324 851 μάλιστα
1357 756 1535 856 προσδόκα
1568 769 1689 853 μολεῖν
1717 759 1928 846 Menelaum

56 895 208 990 primum
245 895 442 996 rediturum
479 894 541 966 tibi
577 894 832 992 suspicandum
867 909 935 966 est.
992 895 1031 965 In
1068 894 1273 966 orationem
1309 895 1486 968 directam
1513 897 1562 967 ita
1593 897 1669 968 sere
1702 897 1926 968 enuntiatum

57 1030 243 1103 transferri
271 1044 412 1126 potest:
440 1028 626 1125 προσδόκα·
682 1029 871 1114 Μενέλεως
898 1035 1042 1123 πρῶτος
1069 1026 1271 1118 α’φικνεῖται
1298 1030 1318 1103 i.
1349 1057 1381 1106 e.
1410 1028 1582 1123 α’φίξεται.

214 1153 286 1262 Ag)
322 1169 388 1256 165
398 1189 416 1256 3
447 1163 647 1256 δεχομένοις
676 1163 789 1256 λέγεις
816 1168 940 1234 θανεῖν
967 1186 1005 1234 σε
1040 1163 1140 1256 quod
1169 1179 1205 1234 te
1233 1165 1445 1239 moriturum
1474 1165 1561 1237 dicis
1590 1168 1699 1260 (1651
1734 1162 1797 1236 οὐκ
1822 1163 1923 1236 ἄνοι’-

28 1327 160 1404 ,νομαι
186 1303 308 1370 θανεῖν
336 1316 422 1371 sunt
447 1298 564 1370 verba
590 1298 775 1395 Aegisthi)
806 1299 939 1370 bonum
969 1323 1078 1370 omen
1106 1299 1312 1396 accipimus,

211 1433 336 1529 Itaque
365 1433 478 1504 tribus
507 1433 540 1504 in
566 1430 656 1505 locis
686 1432 890 1504 infinitivum
916 1441 1046 1526 μολεῖν,
1074 1457 1154 1505 uno·
1172 1437 1305 1518 θανεῖν,
1331 1459 1403 1504 uno
1431 1442 1557 1524 λαχεῖν,
1589 1459 1660 1506 uno
1693 1441 1844 1525 παχῦναι
1874 1460 1920 1506 eo

57 1549 129 1664 quo
165 1568 316 1640 diximus
348 1569 457 1641 modo
477 1584 696 1662 usurpatum
724 1568 930 1642 invenimus,
988 1568 1090 1660 Quas
1117 1568 1250 1640 formas
1278 1595 1357 1640 cum
1384 1566 1565 1664 perlustro
1590 1570 1715 1641 nescio
1742 1595 1787 1640 an
1813 1569 1918 1640 insul-

55 1730 132 1775 sum
165 1727 238 1774 non
279 1703 325 1775 sit
366 1703 571 1775 coniectare
611 1703 646 1773 in
684 1700 742 1774 illo
779 1728 844 1773 usu
880 1700 1137 1798 amplectendo
1169 1704 1236 1776 has
1271 1705 1370 1798 ipsas
1406 1729 1518 1776 voees
1565 1704 1708 1776 alieuius
1743 1705 1918 1776 momenti

57 1839 179 1921 fuisse,
206 1837 376 1933 quoniam
402 1853 500 1924 certe
528 1841 651 1908 θανεῖν
680 1850 717 1908 et
743 1845 861 1928 λαχεῖν
888 1838 1027 1909 formae
1055 1835 1165 1934 longe
1194 1839 1450 1910 usitatissimae
1479 1855 1568 1922 sunt,
1599 1843 1784 1910 θανεῖσθαι
1810 1864 1916 1926 vero,

54 1976 249 2064 μολεῖσθαι,
277 1972 445 2064 λήξεσθαι
471 1971 630 2066 itemque
656 1987 825 2062 παχονεῖν
854 1968 1038 2068 aliquanto
1065 1972 1219 2044 rariores
1247 1973 1483 2068 reperiuntur.
