4138 5758
96 636 171 702 τιον
197 629 234 702 in
262 627 416 700 eandem
444 623 604 696 radicem
632 647 677 696 ac
703 623 874 716 βούλομαι
909 622 1013 696 redit.
1058 625 1317 696 Enumeremus
1353 624 1422 696 iam
1455 651 1550 720 quae
1586 625 1764 698 eiusmodi
1796 625 1951 720 phrases

96 765 130 836 in
159 762 333 858 Aeschyli
360 758 564 857 tragoediis
592 755 777 855 legantur:
807 757 935 852 βαρύ
962 760 1018 830 Pr.
1054 778 1097 848 17
1131 761 1240 854 (ἐστίν
1267 785 1416 856 semper
1444 761 1519 832 lere
1549 757 1678 834 talibus
1707 758 1798 832 locis
1826 760 1950 834 omitti-

95 895 497 995 tur).--6lapp6v
525 894 579 966 Pr.
600 899 756 985 263.-·
784 893 1097 984 έπαχδέςΡτ.
1128 891 1495 988 ιτα-ἀλγεινά
1524 899 1671 968 ἐστιν
1699 895 1753 970 Pr.
1791 913 1871 984 197.
1899 939 1951 949 ...

98 1031 257 1128 ἄλγος
289 1031 343 1104 Pr.
382 1037 466 1104 260.
502 1076 552 1086 —
586 1028 806 1124 αἰσχρόν
846 1030 898 1100 Pr.
946 1051 1052 1120 1039.
1095 1073 1141 1081 --
1188 1001 1370 1116 οἶεικές
1407 1031 1461 1102 Pr.
1502 1053 1607 1120 1041.
1643 1029 1952 1124 -οἰκτρύν

98 1171 202 1264 Sept.
235 1190 318 1260 322.
347 1209 397 1224 ·—-
426 1166 629 1258 νόσημα
656 1166 711 1236 Pr.
741 1165 828 1253 978.
858 1205 901 1218 -
928 1163 1158 1234 κλαντύν
1185 1163 1288 1258 Sept.
1321 1187 1406 1257 334.
1439 1210 1487 1220 -
1517 1163 1675 1257 ἄχθος
1705 1172 1953 1258 γίγνεται

93 1303 159 1376 Ch.
191 1306 277 1394 841.
308 1343 352 1358 -
384 1299 617 1394 πῆμ’έχει
648 1299 750 1371 Eum.
786 1299 872 1388 480.
906 1341 955 1351 --
992 1298 1243 1391 μύσαγμα.
1276 1298 1402 1395 Suppl.
1438 1321 1523 1392 995.
1557 1345 1606 1353 -
1639 1306 1832 1396 βαρεῖα
1859 1299 1952 1394 κήρ

93 1438 166 1536 Ag.
202 1443 287 1511 206.
316 1481 366 1494 ·-—
396 1439 665 1528 ἔκπαγλον
691 1433 851 1505 κακόν
876 1431 950 1526 Ag.
983 1435 1066 1504 862.
1094 1476 1141 1488 -—·-
1167 1431 1256 1506 ούκ
1283 1427 1482 1530 εύφρον
1509 1433 1632 1530 Suppl.
1665 1432 1952 1526 378*οένοὶ-

93 1568 1548 1667 1112p1auluqlvylyveva1suppl.477.-‹51502221201nt<›03
1581 1571 1603 1643 i.
1644 1596 1675 1641 e.
1714 1569 1949 1642 miserrimum

95 1723 163 1780 est.
210 1706 290 1802 Ag.
325 1711 434 1798 1655.
470 1702 597 1775 ἀλλὰ
628 1709 716 1775 καὶ
744 1700 844 1774 τάδ’
886 1705 1145 1795 ἐξαμῆσαι
1176 1703 1333 1774 πολλά
1370 1705 1628 1798 δύστηνον
1661 1706 1825 1798 θέρος,
1854 1729 1944 1800 quae

95 1842 209 1915 verba
225 1841 276 1914 ita
295 1839 549 1936 coniungenda
568 1863 651 1912 esse
672 1839 797 1932 Enger
815 1837 1011 1909 existimat:
1052 1844 1137 1908 καὶ
1164 1837 1289 1910 τάδε
1316 1839 1481 1911 πολλὰ
1510 1838 1659 1911 ἐστιν
1688 1843 1950 1932 ἐξαμῆσαι

102 1974 188 2054 κτέ,
219 1975 359 2050 »sehon
386 1975 465 2046 dies
501 1974 548 2048 ist
575 1973 656 2062 viel,
687 1973 766 2046 eine
804 1972 963 2069 traurige
984 1974 1095 2045 Ernte
1126 1975 1257 2044 damus
1286 2000 1327 2045 zu
1355 1974 1513 2047 haben«.
1543 1975 1682 2046 Tamen
1712 1973 1794 2045 mihi
1824 1972 1950 2068 simpli-

98 2111 173 2187 cius
201 2127 312 2206 atque
339 2109 454 2182 ordini
479 2103 734 2182 vocabulorum
763 2107 881 2202 aptius
908 2107 1061 2195 videtur,
1090 2107 1120 2178 si
1147 2109 1257 2180 πολλιὲ
1286 2109 1448 2182 adverbii
1475 2109 1569 2201 μάλα
1595 2109 1674 2180 vice
1696 2109 1849 2204 fungens
1869 2135 1948 2182 cum

96 2247 275 2323 adieetivo
305 2245 482 2338 δύστηνον
509 2242 790 2336 consociandum
819 2268 903 2314 esse
933 2258 1145 2316 statuamus
1166 2289 1215 2298 -
1236 2273 1256 2314 κ
1271 2273 1293 2316 α
1307 2242 1339 2314 s'
1363 2241 1385 2336 ἡ
1401 2247 1421 2314 δ
1438 2273 1493 2316 ον
1508 2244 1528 2336 ἡ
1545 2272 1563 2314 ν
1592 2244 1645 2315 Pr.
1670 2248 1755 2318 260.
1776 2288 1821 2296 -
1841 2243 1943 2337 κέρ-

96 2385 181 2466 δος
208 2383 261 2452 Pr.
292 2398 377 2472 747.
409 2423 456 2433 -
484 2379 773 2474 κέρδιστον
800 2379 856 2450 Pr.
889 2380 974 2469 285.
1008 2424 1059 2434 -
1089 2376 1182 2452 ἁδύ
1229 2408 1272 2450 τι
1298 2379 1353 2451 Pr.
1387 2397 1470 2470 537.
1506 2422 1555 2431 -
1589 2370 1752 2471 γλυκύ
1781 2380 1830 2450 Pr.
1860 2383 1939 2466 699.

94 2514 335 2607 μ--ποδλή
374 2513 627 2620 χάριςΑς.
664 2535 748 2608 550.
776 2559 826 2567 -
856 2515 1086 2610 τερπνόν
1127 2513 1198 2612 Ag.
1237 2538 1323 2603 902.
1368 2557 1415 2568 -
1446 2513 1567 2599 θεός
1607 2542 1660 2586 τε
1701 2519 1784 2584 καὶ
1821 2516 1940 2583 δεοιῗ

94 2653 255 2724 πλέον
296 2648 390 2722 Cho.
435 2653 495 2740 60,
539 2649 598 2720 ubi
636 2646 796 2744 pluribus
826 2649 979 2724 vocibus
1011 2666 1050 2732 et
1085 2675 1153 2746 per
1193 2650 1362 2722 ambitum
1400 2647 1594 2721 verborum
1625 2649 1723 2721 idem
1757 2645 1947 2721 enuntiavit

93 2797 215 2880 poeta,
245 2783 345 2880 quod
374 2780 457 2854 alibi
483 2808 554 2857 uno
581 2784 698 2857 verbo
726 2787 908 2880 κέρδιστον
937 2781 989 2885 (v,
1019 2784 1145 2886 supra)
1175 2783 1405 2880 significatur.
1461 2783 1585 2879 Itaque
1615 2783 1831 2857 Klausenius
1858 2781 1949 2854 hune

94 2916 211 2991 locum
251 2918 301 2990 sic
329 2918 534 3014 explicavit:
585 2919 764 2991 »eundem
796 2920 857 3015 qui
898 2920 1049 2992 deorum
1090 2936 1147 2992 est
1189 2936 1227 2992 et
1265 2919 1440 2992 maiorem
1473 2919 1579 2992 etiam
1611 2915 1813 2989 hominibus
1848 2930 1955 3011 parat

92 3053 303 3137 honoremc,
332 3052 482 3146 digitum
509 3054 703 3127 intendens
745 3055 780 3126 in
824 3054 975 3127 Homeri
1014 3051 1098 3126 illud
1126 3054 1209 3139 θεὸς
1235 3051 1264 3126 δ
1292 3050 1355 3138 <lg
1381 3061 1528 3126 τίετο
1570 3052 1719 3146 δήμῳ.
1747 3095 1796 3105 -
1827 3054 1956 3122 θεοῦ

97 3191 263 3284 μέγιστον
291 3190 408 3283 δῶρον
435 3187 610 3285 Ag..927
642 3190 752 3285 (idem
779 3191 856 3263 sere
886 3191 986 3286 quod
1014 3189 1197 3278 βέλτιστόν
1230 3191 1354 3285 ἐστιν).
1391 3233 1441 3242 —-
1478 3188 1630 3283 χάρις
1657 3186 1728 3283 Ag.
1764 3207 1870 3277 1303.
1902 3230 1956 3240 -

94 3323 407 3418 πρόσφορον
441 3323 542 3398 Eum.
579 3344 663 3415 207.
702 3369 751 3380 —-
788 3330 1048 3420 ξυμφέρει
1078 3327 1178 3398 Eum.
1216 3345 1302 3417 520.
1336 3369 1386 3379 -κ
1424 3321 1611 3419 ἀρήγει
1644 3323 1744 3393 Eum.
1781 3337 1868 3411 571.
1903 3368 1957 3376 -—

96 3455 220 3542 ἄκος
245 3457 300 3529 Pr.
330 3481 389 3550 43.
416 3501 467 3514 --
496 3457 648 3552 οἷρκεῑ
673 3461 775 3555 Sept.
809 3462 891 3551 248.
920 3505 969 3514 -
997 3456 1113 3545 ἅλις
1141 3460 1242 3553 Sept.
1271 3462 1357 3532 680.

253 3591 293 3665 Si
321 3591 399 3686 quis
428 3608 467 3665 ut
504 3593 636 3689 aliquid
671 3594 779 3666 faciat
813 3595 849 3666 vi
881 3590 1073 3689 impellitur
1105 3594 1266 3692 cogendi
1297 3594 1455 3666 nascitur
1487 3595 1559 3667 vis:
1602 3589 1955 3691 έπαναγκάζιο

95 3728 149 3800 Pr.
180 3736 264 3816 672.
293 3769 343 3780 -
374 3731 567 3821 έπείγιο
593 3729 649 3803 Pr.
682 3750 740 3821 52.
767 3771 813 3782 -
851 3736 935 3826 βίη
967 3734 1195 3825 φέρομαι
1231 3729 1321 3801 Cho.
1356 3732 1404 3801 80
1436 3729 1496 3824 (de
1523 3727 1637 3801 servis
1665 3725 1864 3821 exponitur,
1892 3704 1954 3820 qui

94 3861 141 3932 ad
186 3860 458 3934 oboediendum
499 3863 719 3936 necessitate
762 3868 976 3962 cogantur).
1005 3909 1055 3921 -
1083 3868 1349 3960 καταστρέ
1362 3892 1423 3956 φο
1436 3893 1525 3956 μαι
1565 3864 1640 3960 ng.
1671 3867 1755 3954 956.
1783 3905 1835 3914 -
1862 3831 1950 3955 χρη

96 3975 220 4092 Suppl.
250 4006 334 4090 763.
364 4039 413 4051 --
443 3999 524 4072 δεῖ
550 3998 640 4072 Cho.
678 4023 764 4093 549.
797 4045 847 4054 -
882 3995 1094 4091 ιύφελέν,
1129 4016 1167 4071 ut
1203 4015 1366 4094 optatum
1402 3997 1548 4095 aliquod
1583 4000 1768 4071 indicetur.
1796 3997 1850 4068 Pr.
1879 3995 1943 4083 433

95 4127 277 4224 particula
318 4135 391 4204 ε’ἰθε
426 4132 550 4205 addita
585 4150 643 4205 est
671 4134 771 4207 Pers.
810 4152 894 4225 917.
924 4178 972 4188 -
1006 4135 1235 4230 χριὲομαι
1267 4137 1365 4208 PerS.
1397 4138 1484 4227 829.
1520 4151 1720 4230 σωφρονεῖν
1745 4131 1949 4227 κεχρημένος1

97 4266 152 4337 cui
191 4291 324 4362 sapere
366 4292 458 4362 opus
500 4284 567 4342 est.
595 4313 645 4324 —-
672 4267 954 4364 ύνοὶγκηΡτ.
993 4288 1049 4361 72.
1085 4315 1134 4324 -
1164 4267 1442 4360 ὀφείλεται
1475 4270 1580 4367 srgm.
1612 4271 1697 4340 282.
1726 4313 1777 4320 -
1805 4267 1952 4339 ’έστιν

96 4394 200 4497 lrgm.
230 4409 303 4496 369
334 4401 505 4497 (officium
531 4408 601 4498 est)
629 4447 678 4457 —-
706 4404 795 4476 σόν
824 4409 890 4498 (sc.
921 4408 1029 4498 ἐστίν)
1050 4405 1150 4500 Sept.
1172 4431 1188 4474 2
1197 4432 1255 4498 32.
1274 4450 1321 4459 —
1343 4409 1497 4502 έργον
1526 4409 1541 4475 ὲ
1555 4431 1580 4496 μ
1596 4403 1614 4473 ό
1629 4403 1766 4474 vEum.
1788 4419 1807 4490 7
1814 4425 1873 4493 34.
1903 4441 1954 4451 -

93 4535 361 4634 χρειύνΑς.
392 4563 477 4628 922.
507 4583 556 4592 --
585 4541 701 4631 δίκη
730 4543 876 4611 ἐστίν
911 4537 982 4636 Ag.
1019 4561 1101 4632 259.
1125 4566 1184 4592 ·—-
1213 4540 1373 4632 νόμος
1408 4543 1557 4610 ἐστίν
1590 4537 1681 4610 Cho.
1711 4558 1772 4625 94.
1811 4577 1848 4588 --
1880 4535 1962 4631 5163

26 4707 29 4717 ·
96 4655 174 4740 lat
208 4669 280 4767 Ag.
328 4694 436 4764 1250.
479 4716 529 4726 --
570 4677 682 4745 έστὶ
726 4673 852 4768 πρός
884 4701 1033 4760 τινος
1073 4673 1146 4770 Ag.
1195 4679 1381 4766 1636-
1427 4672 1684 4767 προσήκει
1733 4670 1822 4743 Cho.
1874 4689 1954 4761 173.

97 4803 179 4876 Uno
206 4807 287 4878 loco
315 4805 388 4905 Ag.
425 4783 520 4902 1979
549 4807 644 4881 haec
673 4833 746 4880 vox
773 4804 1016 4903 personaliter
1042 4809 1186 4881 dicitur:
1220 4808 1304 4880 δεὸν
1318 4817 1416 4879 καλεῖ
1442 4803 1546 4879 οὐδέν
1559 4803 1768 4903 προσήκοντ’
1797 4808 1835 4876 έν
1862 4819 1957 4896 γοοῑς

95 4959 341 5036 παραστατεῖν.
370 4987 419 4998 -
450 4941 545 5016 ἔστ’
572 4941 876 5042 α’ναγκαέοος
903 4946 1021 5035 έχον
1050 4943 1141 5016 Ch0.
1174 4969 1258 5035 239.
1287 4987 1336 4997 -ν
1362 4951 1548 5037 χρείαν
1572 4945 1715 5040 έχειν
1743 4942 1799 5013 Pr.
1835 4948 1915 5030 169.

833 371 881 380 „—
996 283 1036 342 28

94 495 247 592 possint.
302 491 397 584 Quin
426 489 533 560 etiam
561 513 609 561 ex
635 489 768 583 etymis
797 512 925 560 vocum
963 501 1002 560 et
1040 488 1236 585 originibus
1272 490 1448 562 interdurn
1480 489 1554 562 hoc
1584 493 1715 578 elucet,
1750 487 1847 562 velut
1874 495 1952 576 βέλ-
