4138 5758
1036 1253 1222 1427 Caput
1265 1257 1306 1389 Ι.

535 1544 617 1676 lle
664 1545 856 1677 forma
899 1540 1185 1676 infinitivi
1232 1543 1389 1712 apud
1434 1541 1810 1716 Aeschylum.

262 1827 287 1919 ξ
315 1826 342 1896 l.
373 1824 483 1920 Quae
508 1825 601 1897 olim
629 1825 776 1897 fuerint
802 1825 985 1896 infinitivi
1014 1821 1154 1896 Graeci
1184 1828 1332 1897 formae
1359 1825 1588 1918 ostenditur,
1618 1825 1843 1918 praemissis
1870 1830 2013 1919 paucis*

864 1959 1060 2054 Aeschylo
1088 1959 1245 2032 Homeri
1271 1960 1476 2032 imitatore.

446 2119 591 2194 Nobilis
618 2138 677 2195 est
704 2138 742 2196 et
770 2123 977 2194 celebratus
1006 2121 1184 2194 Eustathii
1220 2119 1322 2194 locus
1358 2149 1378 2194 e
1416 2124 1677 2197 commentario
1694 2113 1696 2120 ¹
1714 2124 1749 2194 in
1785 2121 1932 2198 Iliadem
1961 2067 2016 2198 coi

235 2257 305 2328 sito
344 2257 394 2352 (ll.
435 2264 478 2341 Ψ,
517 2255 626 2358 256),
662 2256 722 2329 ubi
759 2254 987 2352 Aeschylum
1026 2257 1077 2330 ait
1114 2255 1250 2330 dixisse
1293 2258 1510 2352 tragoedias
1553 2285 1638 2332 suas
1679 2258 1792 2332 frusta
1826 2261 1986 2356 (τεμάχη)

234 2417 446 2488 magnarum
488 2391 642 2464 Homeri
682 2393 878 2488 epularum.
940 2390 1048 2485 Quae
1089 2394 1206 2466 verba
1246 2418 1398 2489 quoquo
1441 2395 1555 2467 modo
1596 2395 1889 2490 interpretamur,
1930 2395 1967 2467 id
2007 2424 2016 2468 r

234 2530 463 2622 exploratum
491 2543 603 2623 atque
633 2539 797 2623 apertum
831 2544 907 2612 est,
941 2544 1113 2623 quantum
1146 2528 1290 2624 parenti
1323 2528 1368 2628 illi
1398 2501 1524 2624 poesis
1558 2530 1728 2604 Graecae
1757 2531 1913 2604 deberet
1942 2531 2016 2604 Aes

234 2663 306 2732 lum
334 2686 456 2757 neque
485 2661 681 2759 ignorasse
709 2687 831 2758 neque
860 2662 1120 2736 dissimulasse.

445 2795 504 2868 Ac
538 2797 643 2869 nobis
678 2823 829 2893 quoque
863 2795 970 2871 facile
1006 2815 1065 2871 est
1099 2800 1149 2871 ad
1180 2801 1411 2873 scrutandum
1448 2815 1486 2873 et
1517 2797 1817 2897 intellegendum,
1840 2827 1963 2899 ,quam
1998 2828 2016 2876 n

237 2954 283 3003 ex
310 2928 415 3028 largo
443 2931 594 3004 Homeri
621 2932 796 3005 thesauro
810 2931 1100 3029 deprompserit.
1158 2935 1291 3030 Neque
1318 2933 1414 3007 enim
1434 2937 1553 3026 solum
1581 2935 1641 3008 ubi
1661 2952 1831 3031 tempora
1858 2962 1954 3032 quae
1983 2937 2016 3009 di

232 3067 382 3139 heroica
415 3065 589 3140 describit
627 3067 786 3162 vestigia
823 3067 900 3140 eius
931 3083 1077 3141 secutus
1109 3069 1217 3158 esth,
1253 3068 1322 3143 sed
1364 3070 1472 3143 etiam
1506 3094 1647 3167 genere
1683 3069 1827 3144 dicendi
1866 3069 1982 3144 multis
2014 3075 2016 3144 ἶ

235 3226 314 3274 cum
343 3226 392 3274 eo
422 3202 613 3274 consentit.
671 3202 708 3273 ln
735 3227 808 3298 qua
835 3203 979 3276 dicendi
1004 3201 1235 3278 similitudine
1263 3204 1459 3278 referenda
1482 3221 1565 3277 sunt
1591 3203 1770 3300 permulta
1789 3208 1914 3279 'verba
1943 3207 2016 3279 Hor

233 3336 363 3432 quibus
395 3335 602 3430 Aeschylus
635 3334 695 3408 vel
731 3335 833 3409 solus
867 3335 924 3410 vel
959 3338 1117 3412 omniurn
1152 3339 1444 3435 {sequentissime
1472 3366 1559 3413 usus
1588 3357 1664 3430 est3
1698 3340 1894 3413 referenda
1927 3356 2016 3414 estu

231 3471 392 3543 similium
419 3486 458 3544 et
485 3466 773 3558 translationum,
812 3472 1067 3568 epithetorum,
1103 3475 1379 3565 sententiarum3
1413 3475 1632 3549 referendae
1665 3475 1823 3571 denique
1855 3491 1937 3549 sunt
1963 3476 2016 3549 for

230 3606 508 3701 grammaticae,
541 3603 644 3678 velut
684 3623 918 3702 augmentum
954 3609 988 3680 in
1022 3609 1224 3684 nuntiorum
1270 3611 1535 3684 narrationibus
1567 3611 1770 3708 abjectum,
1814 3628 1852 3684 et
1882 3615 1991 3685 multa

233 3764 326 3832 quae
353 3765 376 3812 a
404 3741 545 3838 vulgari
575 3739 733 3815 dialecto
760 3737 886 3815 Attica
913 3768 1061 3838 prorsus
1090 3743 1207 3819 aliena
1234 3762 1325 3820 sunt.

442 3875 561 3948 Etiam
591 3877 728 3950 formas
757 3876 930 3952 verbales
964 3879 1207 3953 abhorrentes
1239 3881 1286 3954 ab
1301 3880 1440 3953 -Attica
1475 3882 1605 3979 lingua,
1635 3906 1682 3953 ex
1710 3905 1783 3976 qua
1810 3880 1999 3954 maximam

230 4006 317 4080 dem
350 4026 492 4104 partem
526 4012 749 4106 tragicorum
781 4039 902 4087 sermo
938 4015 1162 4110 compositus
1194 4015 1293 4109 esti)
1329 4016 1522 4096 admittere
1554 4040 1626 4088 non
1661 4014 1853 4098 dubitavit,
1889 4029 1927 4086 ut
1959 4031 2016 4110 opt

228 4146 314 4237 plur.
343 4142 378 4215 in
408 4171 521 4219 oturo:
548 4152 729 4238 κτιζοίατο
758 4148 850 4222 Cho.
880 4153 966 4241 484.
994 4195 1044 4204 -
1072 4150 1166 4223 med.
1193 4147 1284 4246 plur.
1305 4151 1371 4221 lin
1397 4155 1523 4243 μεσθα,
1541 4167 1580 4223 ut
1598 4149 1865 4242 βουλευόμεσθα
1891 4148 1982 4221 Cho.
2014 4171 2016 4239 j

227 4275 299 4372 Ag.
332 4283 418 4370 846.
443 4324 492 4334 -
530 4283 783 4380 ἐφαρξάμεσθα
815 4283 889 4380 Ag.
927 4287 972 4356 82
979 4311 1013 4378 3.
1039 4329 1089 4339 —
1125 4284 1388 4382 πειρασόμεσθα
1419 4284 1491 4384 Ag.
1521 4287 1606 4377 850.
1626 4329 1685 4346 .-
1716 4283 2016 4379 πελαζόμεσθαὸ

232 4435 315 4503 144.
345 4457 391 4466 —
422 4412 657 4515 ἠνειχόμεσθα
682 4417 755 4513 Ag.
786 4441 872 4511 905.
899 4465 949 4474 -
976 4419 1096 4493 Ionica
1123 4420 1239 4493 forma
1267 4422 1406 4493 ἔσσεται
1435 4435 1554 4493 exstat
1585 4421 1684 4492 Pers.
1713 4443 1794 4490 121.
1821 4461 1871 4472 -
1900 4417 1985 4490 Uno
2013 4416 2016 4488 l

223 4546 342 4620 habes
373 4547 472 4644 apud
492 4549 716 4647 Aeschylum
743 4555 821 4626 ἔσκε
847 4557 947 4627 Pers.
978 4560 1065 4647 656,
1095 4580 1205 4650 quam
1230 4554 1380 4627 formam
1407 4553 1551 4650 epicam
1578 4597 1626 4608 -
1656 4551 1813 4648 Jonicam
1837 4551 1871 4626 in
1898 4551 2016 4648 Sophr

224 4696 262 4754 et
288 4679 470 4778 Euripidis
499 4684 627 4759 sabulis
656 4713 835 4784 nusquam
863 4688 1074 4761 invenimus.

361 4963 383 5042 ¹)
429 4960 475 5024 Cf.
513 4962 597 5025 Max.
624 4962 780 5036 Lechner,
805 4964 845 5026 de
870 4964 1023 5044 Aeschyli
1047 4963 1154 5026 studio
1178 4963 1363 5027 Homerico,
1390 4961 1545 5045 Gymnas,
1570 4965 1697 5046 Erlang.
1724 4983 1831 5047 progr.
1860 4963 1951 5027 1862.
1975 5001 2016 5008 —

432 5078 464 5142 S.
490 5079 613 5143 Teuffel
637 5081 669 5142 in
693 5080 839 5162 prolegg.
863 5082 905 5144 ad
928 5081 1051 5146 Persas,
1074 5101 1105 5162 p.
1131 5096 1182 5146 22.
1206 5081 1257 5147 ed.
1283 5083 1319 5147 ll.
1344 5081 1431 5163 Lips
1463 5083 1553 5165 1875.

361 5195 385 5276 ²)
431 5194 480 5263 Cl.
506 5195 641 5263 Godofr.
665 5197 887 5260 Hermannum
910 5199 941 5260 in
966 5197 1038 5260 Eur.
1065 5198 1181 5264 Bacch.
1205 5199 1302 5282 prael.
1327 5199 1397 5270 Vll,
