4138 5758
1122 326 1163 390 45

213 523 350 614 aoristo
378 539 502 595 monet
530 550 574 595 ne
599 525 635 596 in
661 551 730 598 una
758 525 805 598 de
834 553 909 621 qua
935 542 1065 622 agatur
1090 514 1203 610 ¹causa
1232 553 1303 600 uno
1343 530 1445 623 quasi
1473 545 1661 602 momento
1690 528 1812 626 legum
1842 531 2012 602 sanctitat

214 659 669 755 obterantaboleantque.

237 877 275 968 b)
332 877 626 974 Colliguntur
652 882 751 971 loci,
781 882 820 953 in
848 882 1003 976 quibus
1031 879 1185 952 aoristi
1211 879 1431 950 infinitivo
1460 905 1533 952 res
1560 882 1847 976 praeteritae
1876 881 2017 978 signifi

641 1009 644 1018 ¹
1010 1030 1142 1086 catae
1171 1031 1284 1086 sunt.

367 1204 506 1276 Atvero
536 1231 608 1276 non
638 1204 755 1278 solum
782 1233 877 1302 quae
905 1232 976 1278 uno
1005 1223 1044 1278 et
1072 1206 1206 1278 eodem
1242 1220 1419 1299 tempore,
1448 1205 1516 1276 sed
1545 1205 1654 1277 etiam
1684 1231 1781 1300 quae
1809 1224 1893 1278 ante
1920 1207 1956 1278 id
1984 1225 2019 1279 te

208 1365 277 1434 pus
306 1339 340 1410 in
368 1339 467 1435 quod
495 1340 619 1412 incidit
645 1341 762 1412 oratio
790 1341 886 1412 iacta
913 1357 995 1412 sunt
1022 1341 1192 1412 infinitivo
1224 1341 1349 1411 aoristi
1379 1339 1528 1433 exprimi
1557 1337 1687 1412 solent.
1722 1405 1723 1410 ,
1746 1341 1865 1434 Quam
1892 1319 2032 1436 signisu'

207 1474 342 1570 tionem
369 1475 466 1546 satis·
492 1475 721 1547 manifestum
755 1493 813 1548 est
845 1475 1018 1570 pristinae
1051 1499 1095 1546 ac
1128 1474 1309 1570 genuinae
1342 1473 1498 1545 infinitivi
1530 1491 1681 1547 naturae
1715 1474 1823 1570 plane
1856 1503 2032 1574 repugna.

206 1609 369 1703 Itemque
398 1609 621 1682 notissimum
649 1625 707 1683 est
731 1611 835 1682 huius
863 1609 1019 1681 infinitivi
1047 1610 1199 1680 formam
1241 1609 1286 1680 ab
1314 1606 1373 1679 illa
1397 1608 1431 1680 vi
1459 1609 1604 1680 omnino
1633 1609 1823 1693 abhorere,
1852 1611 1987 1706 quippe
2018 1643 2031 1679 ι

207 1767 303 1836 quae
332 1745 540 1816 necessaria
567 1759 625 1817 est
652 1761 738 1817 nota
765 1733 950 1840 augmenti
977 1744 1083 1817 desit.
1140 1744 1218 1816 Sed
1245 1760 1284 1814 ut
1312 1745 1461 1815 verbum
1488 1743 1621 1816 finitum
1655 1745 1861 1839 significatu
1883 1762 2024 1840 praeter

207 1901 354 1972 quoque
389 1879 562 1973 temporis
599 1879 809 1952 instructum
840 1897 898 1953 est
931 1881 1042 1952 etiam
1076 1878 1295 1962 infinitivus..
1321 1879 1381 1974 qui
1422 1879 1457 1949 in
1491 1879 1656 1952 oratione
1683 1878 1831 1975 obliqua
1865 1879 1954 1952 illius
1990 1883 2025 1952 lo

207 2011 433 2084 adhibendus
463 2029 551 2098 erat,
585 2015 773 2086 notionem
806 2013 900 2088 illam
935 2014 1068 2087 ascivit.
1125 2015 1245 2108 Quam
1277 2015 1326 2086 ad
1358 2015 1642 2086 immutationem
1672 2015 1771 2087 haud
1805 2015 1925 2110 exigui
1965 2016 2026 2088 fuis

205 2147 377 2219 momenti
413 2147 587 2220 credibile
618 2165 687 2238 est,
718 2149 819 2244 quod
848 2165 996 2244 praeter
1030 2175 1144 2244 purae
1178 2149 1299 2244 stirpis
1332 2147 1487 2220 verbalis
1522 2150 1693 2222 aoristum
1727 2175 1810 2222 mox
1838 2165 1876 2222 et
1901 2151 2028 2221 activit

206 2281 339 2376 passivi
373 2300 410 2355 et
447 2283 557 2356 medii
590 2285 746 2357 aoristus
783 2285 1006 2379 compositus
1048 2282 1166 2356 excoli
1198 2299 1236 2357 et
1272 2283 1448 2378 divulgari
1482 2302 1637 2379 coeptus
1674 2301 1740 2369 est,
1778 2301 1823 2356 ut
1852 2309 2011 2380 quamqu

207 2434 440 2514 augmentum
473 2420 624 2491 abesset
660 2434 781 2490 tamen
814 2436 966 2514 propter
996 2419 1117 2514 stirpis
1166 2444 1290 2492 merae
1324 2419 1587 2508 incrementum
1622 2416 1785 2502 alienam
1818 2413 2030 2492 notionem*

206 2549 430 2642 illosentire
458 2555 574 2651 magis
602 2555 795 2651 magisque
833 2556 868 2626 in
905 2553 982 2626 dies
1013 2555 1178 2626 homines
1223 2569 1487 2627 assuescerent.
1544 2553 1671 2648 Itaque
1704 2555 1737 2627 in
1770 2555 1968 2628 accusativi
1996 2535 2032 2644 cd

207 2688 375 2760 infinitivo
403 2691 496 2784 quas
524 2690 648 2762 dicunt
679 2690 868 2763 structuris
902 2690 1002 2761 huius
1038 2687 1205 2784 exempla
1238 2687 1454 2783 quaerenda
1486 2689 1591 2760 nobis
1624 2705 1705 2761 sunt
1736 2707 1775 2762 et
1809 2691 1963 2762 maxime
1999 2716 2032 2784 qt

209 2825 293 2896 dem
319 2841 406 2920 post
432 2827 545 2898 verba
572 2825 781 2898 declarandi
810 2840 849 2897 et
875 2824 1063 2896 sentiendi.
2031 2819 2032 2822 '

367 2987 498 3081 Neque
527 3013 617 3060 vero
645 2988 863 3083 quibusdam
897 2986 988 3061 locis
1024 2985 1127 3060 facile
1165 3004 1223 3061 est
1256 2987 1452 3060 diiudicatu
1485 3013 1525 3060 re
1554 3013 1644 3060 vera
1671 3003 1814 3084 tempus
1840 2987 2031 3083 praeteria

209 3119 325 3201 subsit
351 3145 473 3204 necne,
502 3120 598 3194 velut
625 3122 717 3194 Cho.
750 3146 836 3216 527,
868 3123 928 3194 ubi
964 3123 1283 3217 Clytaemnestrae
1319 3124 1499 3195 somnium
1537 3149 1558 3193 a
1593 3123 1693 3194 chori
1724 3123 1920 3220 virginibus
1950 3121 2031 3193 Ore:

211 3271 417 3328 enarratur:
448 3273 562 3328 τεκεῖν
589 3255 749 3352 ὃράκοντ)
777 3260 897 3346 ἔδοξεν
925 3255 975 3342 ὡς
1002 3256 1092 3350 αὐτὴ
1122 3262 1212 3350 λέγει
1249 3301 1297 3308 -
1324 3284 1356 3330 v.
1389 3279 1462 3349 529
1500 3261 1538 3328 ἐν
1570 3255 1801 3352 σπαργάνοισι
1827 3257 1952 3340 παιδὸς
1980 3252 2031 3350 cipp

207 3413 265 3460 oon
284 3393 390 3483 δίκην.
445 3391 538 3463 Turn
558 3392 686 3465 chorus
706 3393 844 3489 pergit:
864 3390 955 3485 αὐτὴ
974 3388 1145 3488 προσέσχε
1164 3392 1299 3486 μαστὸν
1319 3395 1357 3463 ἐν
1377 3390 1576 3488 τώνείρατι.
1633 3391 1761 3464 Verbo
1785 3371 1886 3464 finito
1913 3391 2030 3463 demur

206 3525 344 3619 inquiat
371 3526 558 3621 quispiam,
586 3530 624 3599 ἐν
652 3525 840 3622 τώνείρατι
867 3526 1051 3600 adiectum
1080 3543 1147 3609 est,
1177 3552 1271 3622 quae
1308 3545 1419 3599 antea
1451 3502 1624 3598 infinitivis
1658 3544 1781 3612 τεκεῖν,
1810 3523 1950 3621 ὁρμίσαι
1976 3525 2030 3595 dic

208 3675 291 3730 sunt
317 3662 455 3733 somnio
484 3662 708 3735 antecedere
736 3688 890 3735 necesse
917 3680 984 3734 est.
1042 3661 1216 3764 Attamen
1247 3662 1466 3757 reprehendi
1501 3663 1650 3757 nequire
1688 3662 1829 3757 opinor,
1863 3661 1893 3732 si
1921 3661 2000 3754 quis
2028 3663 2030 3730 ἕ

209 3794 466 3890 interpretetur
492 3823 635 3869 versus:
667 3823 799 3893 parere
829 3797 1029 3870 draconem
1057 3797 1123 3870 sibi
1149 3797 1227 3868 visa
1254 3813 1310 3870 est
1343 3812 1382 3868 et
1411 3797 1553 3868 infantis
1589 3796 1703 3868 instar
1736 3793 1958 3868 incunabulis
1995 3821 2030 3867 cc

215 3925 345 4026 ligare3
372 3956 455 4004 nam
483 3957 578 4028 qnae
606 3934 639 4005 in
669 3935 784 4005 somni
812 3949 956 4028 tempus
985 3957 1059 4004 non
1086 3930 1219 4004 cadant
1245 3948 1320 4003 tam
1348 3949 1517 4002 accurate
1547 3932 1682 4034 exponi
1708 3956 1781 4002 non
1809 3928 1940 4002 solere.
1970 3969 2017 3979 —-

369 4092 514 4169 Eadem
542 4097 761 4194 ambiguitas
788 4096 968 4190 reperitur
993 4092 1122 4191 Suppl.
1153 4117 1225 4186 913
1255 4091 1328 4164 ἀλλ’
1347 4087 1370 4186 ἦ
1397 4101 1577 4187 γυναικών
1605 4097 1641 4178 ἐς
1667 4090 1771 4166 πόλιν
1800 4097 1912 4178 δοκεῖς
1937 4102 2029 4186 prola

214 4251 259 4297 an
293 4225 478 4300 mulierum
509 4232 543 4303 in
575 4233 703 4303 urbem
738 4247 774 4302 te
806 4231 952 4303 venisse
992 4228 1140 4327 (venire)
1174 4229 1379 4301 arbitraris?
1438 4228 1605 4324 Utroque
1648 4229 1815 4300 vertendi
1850 4228 1962 4300 modo
1990 4254 2029 4324 ap

216 4361 362 4436 efficitur
389 4367 578 4438 sententia.

373 4527 562 4600 Perlucida
590 4555 634 4603 ac
663 4544 763 4603 certa
793 4554 957 4626 congero
986 4529 1080 4600 haec
1108 4528 1290 4621 exempla:

375 4691 473 4766 Pers.
508 4716 581 4765 200
606 4701 662 4766 καὶ
690 4701 802 4766 ταῦτα
829 4698 895 4786 μὲν
921 4691 1118 4794 <tanturm
1145 4693 1286 4763 εἰσιδεῖν
1314 4685 1406 4782 λέγω
1433 4707 1516 4762 sunt
1541 4693 1657 4763 verba
1682 4690 1846 4763 Atossae
1875 4707 2028 4784 postque

217 4851 296 4898 cum
322 4826 471 4899 senibus
507 4827 585 4898 visa
616 4829 836 4901 somniorum
869 4825 1153 4900 communicavit.
1212 4825 1331 4916 Quam
1360 4824 1408 4895 ad
1442 4824 1599 4896 eandem
1630 4851 1707 4896 rem
1740 4825 1899 4922 pertinet
1929 4851 1963 4897 v.
2003 4849 2020 4895 2

220 4965 379 5056 Δαρεῖον,
404 4956 513 5056 ὅνπερ
540 4961 610 5052 φῂς
638 4966 724 5054 ἰδεῖν
749 4961 823 5033 κατ)
851 4959 1039 5056 εὐφρόνην.
1069 4959 1125 5032 Ac
1155 4957 1313 5032 similiter
1333 4959 1416 5032 ibid.
1438 4985 1469 5032 v.
1502 4983 1575 5050 432
1601 4959 1718 5056 (οἶδα).
1739 4982 1826 5049 440.
1850 4977 1867 5049 7
1874 4967 1920 5050 36
1945 4962 2028 5054 (φημ

224 5103 298 5186 564
328 5093 489 5190 (ἀκούω).
