4138 5758
1120 349 1157 414 41

210 569 459 639 servaverunt,
502 565 540 620 ut
572 552 685 644 longe
722 544 879 641 plurimis
911 543 1001 616 locis
1032 544 1221 618 infinitivus
1259 543 1362 614 futuri
1400 560 1584 638 sequatur.
1647 545 1741 618 Nihil
1774 562 1829 618 est
1859 548 1966 644 igitur
1997 575 2026 644 qr

207 704 301 782 post
323 693 439 784 μέλλω
465 685 569 756 futuri
595 699 631 755 et
657 681 864 777 praesentis
892 679 966 752 sive
987 681 1113 752 aoristi
1139 679 1297 751 infinitivi
1324 677 1501 756 differant.
1529 680 1595 750 nisi
1623 679 1723 774 quod
1752 678 1905 752 futurum
1933 699 1970 754 et
1992 710 2026 756 re

207 825 398 895 durantem
426 837 462 892 et
489 819 671 891 actionem
700 816 872 888 momenti
899 816 1016 910 spatio
1055 815 1358 908 circumscriptam
1394 813 1556 886 indicare
1590 831 1732 920 potest3
1765 841 1848 889 nam
1874 814 1972 910 ἄρξω
1998 843 2026 890 m

206 957 317 1030 modo
345 955 535 1050 significat:
575 979 639 1026 rex
663 976 742 1036 ern,
781 950 850 1022 sed
878 949 1007 1022 etiam:
1052 975 1203 1044 regnum
1245 973 1432 1042 assequar.
1490 949 1610 1039 Quam
1636 920 1698 1021 ⁶ob
1722 977 1886 1023 causam
1915 949 2026 1022 futuru

207 1111 246 1166 et
273 1092 396 1165 aoristi
424 1105 461 1162 et
487 1087 691 1184 praesentis
718 1085 891 1179 temporis
918 1085 1000 1155 vice
1036 1055 1204 1180 fungitur,⁴
1235 1106 1386 1178 quorum
1431 1097 1620 1179 utrumque
1648 1087 1705 1156 uni
1734 1103 1856 1160 certae
1884 1085 2026 1186 signific

210 1229 299 1301 tioni
326 1227 508 1304 astrictum
538 1239 603 1295 est.
664 1220 800 1292 Aoristi
831 1245 938 1290 unum
971 1219 1071 1312 apud
1108 1215 1332 1314 Aeschylum
1363 1216 1496 1312 legitur
1532 1221 1736 1314 exemplum
1768 1223 1820 1291 Pr.
1856 1227 1927 1315 625
1962 1224 2026 1318 μήι

206 1393 250 1456 με
276 1361 414 1458 κρύψῃς
442 1357 540 1432 τοῦθ’
569 1353 653 1449 ὅπερ
680 1359 795 1446 μέλλω
828 1357 964 1424 παθεῖν.
1022 1353 1229 1424 Praesentis
1265 1355 1354 1424 duo:
1393 1351 1519 1448 Suppl.
1559 1356 1666 1445 1058.
1700 1355 1773 1452 Ag.
1805 1375 1889 1447 974.
1944 1361 2026 1430 Futt

207 1497 365 1593 denique
394 1509 583 1591 quattuor:
611 1493 666 1562 Pr.
696 1489 780 1579 638.
826 1489 912 1578 835.
949 1487 1039 1559 Cho.
1077 1490 1163 1560 668.
1201 1489 1291 1558 861..
1347 1486 1489 1558 Eadem
1519 1487 1626 1584 igitur
1657 1489 1749 1560 inter
1780 1489 1869 1594 illius
1897 1475 2026 1564 ¹vocabi

205 1650 377 1725 tempora
413 1625 617 1699 intercessit
646 1623 737 1695 ratio
776 1648 872 1717 quae
905 1621 1004 1717 apud
1039 1623 1127 1694 alios
1165 1647 1312 1718 quoque
1346 1622 1542 1716 scriptores
1582 1638 1618 1694 et
1645 1624 1679 1694 in
1712 1625 1874 1698 oratione
1901 1630 2026 1720 pedes:

206 1765 311 1839 nobis
338 1763 495 1844 offertur,
523 1757 619 1831 velut
646 1783 692 1829 ex
719 1756 938 1848 Thucydide
974 1757 1162 1828 infinitivos
1190 1756 1293 1828 futuri
1324 1776 1381 1846 77,
1404 1759 1611 1851 praesentis
1640 1763 1697 1850 36,
1726 1760 1892 1850 aoristi4
1921 1788 2026 1833 enum

204 1899 295 1970 ravit
322 1897 553 1969 Forssmann.

163 2017 171 2024 .
361 2029 567 2102 Cunctandi
588 2026 688 2098 notio
715 2025 744 2096 si
772 2024 853 2096 huic
888 2027 1002 2096 verbo
1037 2027 1203 2098 subiecta
1241 2041 1297 2097 est
1332 2027 1536 2120 praesentis
1563 2027 1755 2100 infinitivus
1783 2030 1928 2124 adiungi
1955 2035 2026 2104 solt

205 2192 310 2262 quem
330 2165 521 2236 'habemus
556 2164 609 2234 Pr.
643 2167 715 2249 627
753 2167 788 2230 τί
818 2161 907 2252 δῆτα
937 2164 1075 2252 μέλλεις
1106 2161 1153 2253 μὴ
1189 2159 1231 2231 od
1265 2168 1492 2253 γεγωνίσκειν
1524 2162 1564 2232 τὸ
1601 2169 1687 2252 adm
1727 2163 1870 2236 Ceteris
1904 2166 1995 2237 enim

202 2279 329 2396 quibus
357 2302 474 2392 μέλλω
502 2295 657 2369 occurrit
687 2292 779 2365 locis
806 2293 991 2366 infinitivus
1010 2296 1174 2367 'omissus
1204 2313 1276 2367 est:
1310 2297 1363 2366 Pr.
1394 2301 1452 2387 36.
1494 2295 1596 2391 Sept.
1633 2299 1690 2387 98.
1734 2299 1831 2370 Pers.
1860 2321 1946 2392 407.
1989 2299 2025 2370 A

206 2458 290 2524 290.
321 2429 550 2524 908yr353.

363 2568 435 2638 lam
481 2547 571 2637 unus
622 2560 722 2637 locus
758 2565 1084 2662 depravatissimus
1123 2566 1225 2636 nobis
1261 2565 1411 2636 traditus
1452 2581 1566 2638 restat
1607 2567 1700 2640 Cho.
1739 2589 1826 2657 417.
1893 2569 1930 2640 ln
1968 2570 2026 2640 libr

202 2703 296 2776 enim
324 2702 497 2796 scriptum
527 2701 707 2794 reperies:
738 2695 787 2770 ὅτ’
813 2698 858 2771 ἂν
886 2699 915 2772 ‹l'
945 2693 1021 2771 αὖτ’
1054 2703 1200 2784 ἐπαλκὲς
1224 2699 1228 2801 l
1254 2703 1561 2796 θραρεππέστπσεν
1597 2701 1680 2794 ἄχος
1704 2703 1708 2802 l
1733 2703 1820 2798 πρὸς
1861 2704 1902 2774 τὸ
1943 2733 2026 2794 putu

203 2842 287 2910 ulai
311 2865 370 2929 μοι
403 2842 533 2920 aalma:
583 2833 685 2924 Quos
720 2860 847 2906 versus
876 2837 1094 2929 desperatos
1116 2835 1343 2906 Hermannus
1377 2835 1426 2907 ita
1457 2836 1626 2924 restituit,
1661 2854 1698 2908 ut
1731 2839 1947 2910 sententiam
1978 2857 2026 2910 sat

203 2989 325 3066 aptam
352 2988 391 3042 et
423 2950 592 3042 idoneam
625 2969 844 3064 praebeant:
882 2965 968 3041 ὅταν
1002 2961 1108 3039 d'adr'
1141 2973 1286 3054 ἐπαλκὲς
1316 2963 1404 3066 ἦτορ
1438 2975 1563 3066 stupori,
1586 2969 1774 3044 ’πέστπσεν
1802 2970 1885 3065 ἄχος
1912 2974 1999 3068 πρὸς
2025 3009 2026 3018 ¹

203 3123 330 3197 φανεῖν
372 3112 407 3175 τί
444 3132 504 3196 μοι
544 3111 669 3187 καλῶς,
711 3129 807 3198 quae
850 3104 965 3176 verba
993 3104 1156 3176 versibus
1197 3121 1426 3200 opponuntur
1461 3107 1776 3195 antecedentibus,
1805 3109 1934 3203 quibus
1961 3110 2026 3179 anit

204 3241 431 3313 affectionum
459 3239 619 3328 duarum,
648 3239 739 3310 inter
766 3265 861 3333 quas
883 3239 1013 3310 chorus
1034 3239 1185 3311 fluctuet
1209 3238 1324 3312 altera
1352 3240 1574 3313 describitur.
1631 3241 1861 3316 Scholiastae
1889 3242 2026 3314 habem

204 3374 513 3470 explanationem:
542 3373 629 3467 πρὸς
655 3373 695 3443 τὸ
713 3364 810 3445 Ιπιιλρὶ
837 3402 896 3466 μοι
929 3377 1074 3464 ἐννοεῖν.
1141 3374 1222 3445 Hoc
1255 3376 1340 3446 loco
1373 3377 1499 3447 mirum
1533 3375 1667 3472 aliquid
1700 3377 1736 3448 in
1762 3375 1864 3448 futuri
1896 3376 2026 3449 infinitit

202 3511 322 3581 inesse
366 3533 471 3580 nemo
513 3507 580 3580 erit
615 3507 675 3601 qui
715 3523 839 3602 neget,
879 3533 988 3602 quum
1022 3506 1177 3602 simplex
1209 3509 1269 3603 qui
1299 3526 1451 3583 vocatur
1481 3511 1668 3583 infinitivus
1706 3513 1861 3583 subesse
1889 3513 2026 3583 videatt

203 3645 262 3739 qui
291 3662 497 3739 temporum
526 3642 766 3732 differentiam
791 3667 864 3724 non
893 3644 1069 3716 admittat.
1119 3643 1226 3736 Quae
1246 3644 1438 3718 difficultas
1467 3662 1611 3718 netum
1639 3647 1784 3740 quidem
1814 3645 1956 3728 tollitur,
1984 3673 2026 3718 cu

203 3780 293 3850 sicut
332 3779 417 3852 lecit
457 3775 665 3849 Dindorfius
706 3803 891 3850 servamus
933 3778 1148 3874 scripturam
1189 3783 1379 3870 φανεῖσθαί
1417 3809 1477 3874 μοι
1517 3789 1643 3866 καλῶς.
1698 3781 1775 3853 Sed
1812 3778 1927 3854 semel
1955 3797 2026 3878 atqt

202 3914 330 3986 iterum
355 3938 502 3984 versum
530 3909 733 4008 perlegenti
761 3913 884 4008 etqui
911 3913 1094 3985 subiectus
1124 3939 1253 3986 sensus
1281 3914 1327 3986 sit
1352 3916 1594 4010 perpendenti
1615 3915 1693 3987 lore
1723 3916 1875 3987 arbitror
1903 3917 2026 3986 uther

203 4048 322 4132 omnia
361 4047 423 4118 tibi
462 4046 677 4142 procedant.
734 4047 818 4118 Non
854 4063 911 4118 est
952 4049 1046 4122 enim
1086 4048 1411 4143 interpretandum:
1453 4049 1646 4145 aegritudo
1681 4050 1824 4121 desistit
1856 4050 1904 4122 ad
1931 4052 2026 4122 bonu

205 4197 380 4264 eventurn,
409 4179 476 4251 sed
504 4183 636 4278 potiuS,
666 4181 765 4275 quod
792 4182 989 4255 scholiasta
1014 4207 1161 4278 quoque
1191 4185 1293 4255 dicit:
1329 4185 1376 4257 ad
1408 4211 1512 4279 spem
1541 4185 1626 4256 boni
1654 4201 1813 4256 eventus.
1870 4186 1963 4256 Nam
1989 4185 2026 4256 h<

204 4318 422 4390 enuntiatum
448 4316 555 4412 plane
582 4317 680 4388 idem
705 4319 803 4388 valet
839 4318 937 4411 quod
968 4318 1024 4389 his
1052 4317 1270 4411 significatur
1302 4320 1440 4391 verbis:
1471 4320 1558 4414 πρὸς
1590 4325 1697 4391 τοῦτο
1725 4317 1773 4420 (h.
1804 4345 1836 4392 e.
1865 4319 1952 4413 πρὸς
1980 4348 2026 4390 τω

204 4479 271 4544 την
298 4451 365 4542 τὴν
392 4449 539 4551 ἐλπίδα),
567 4447 621 4522 ὅτι
660 4459 776 4536 καλῶς
816 4469 979 4542 φωνεῖται
1007 4449 1076 4552 (sc.
1103 4453 1265 4547 χρήματα
1305 4454 1382 4525 sive
1419 4452 1533 4554 τύχη).
1590 4454 1780 4525 Habemus
1812 4453 1920 4550 igitur
1957 4478 2024 4524 acc

204 4587 355 4658 sativum
397 4610 479 4656 cum
518 4585 685 4668 infinitivo
726 4587 794 4658 etsi
829 4587 990 4658 abditum
1033 4587 1307 4682 quodammodo
1348 4607 1458 4684 atque
1492 4589 1730 4676 reconditum,
1763 4615 1834 4684 quo
1861 4589 2026 4660 continet

203 4720 384 4793 sententia
410 4719 591 4791 adiectivo
619 4722 783 4805 δύσελπις
810 4749 845 4792 v.
876 4745 949 4813 413
979 4723 1167 4794 contraria.
1225 4724 1457 4819 Quamquam
1481 4704 1602 4818 paullo
1629 4724 1802 4795 rariorem
1830 4737 1938 4818 atque
1967 4723 2026 4793 ins<

203 4855 392 4927 lentiorem
425 4879 534 4926 nemo
568 4856 718 4948 negabit
753 4881 838 4928 esse
871 4855 964 4928 hanc
1007 4857 1321 4930 constructionem.
1377 4858 1508 4953 Neque
1552 4858 1648 4930 enim
1689 4859 1759 4930 alio
1794 4882 1949 4952 usquam
1976 4859 2026 4928 lo<

203 4988 374 5061 infinitivo
414 4988 517 5060 suturi
553 4990 599 5059 ab
640 4988 827 5084 Aeschylo
867 4991 1037 5064 articulus
1079 4992 1314 5088 praepositus
1355 5007 1421 5080 est,
1470 4994 1539 5064 sed
1570 5016 1746 5087 nusquam
1780 4990 1862 5064 alibi
1889 5008 2026 5085 tempor

204 5139 290 5218 post
316 5124 495 5195 articulum
524 5123 615 5194 ratio
642 5122 807 5200 habetur.

1815 5270 1830 5316 ε
