4138 5758
932 336 976 395 44

29 535 266 630 facillimeque
295 529 388 606 illam
417 533 656 616 differentiam
683 532 928 627 perspicimus,
957 531 1055 626 quod
1084 549 1157 604 tum
1186 548 1287 618 certo
1316 531 1477 624 quodam
1517 528 1665 602 consilio
1693 531 1891 599 alteruter

27 670 209 742 adhibitus
237 683 303 755 est,
335 693 416 740 cum
444 667 526 739 alibi
559 691 675 760 saepe
716 666 920 760 promiscue
955 681 1145 760 utrumque
1187 665 1273 760 poni
1302 663 1501 736 Kuehnero
1535 664 1611 736 aliis
1646 659 1892 756 grammaticis

34 803 312 879 concedendum
340 803 395 875 sit.

186 994 272 1066 Eius
302 993 408 1088 igitur
432 991 646 1064 'discriminis
674 1006 732 1063 est
759 992 820 1062 vel
853 991 1009 1062 maxime
1047 991 1187 1084 insigne
1226 989 1297 1060 hoc
1334 984 1555 1082 exemplum:
1562 987 1640 1091 ,Pe
1675 1007 1749 1078 750
1777 1001 1891 1079 κρεῖσ-

28 1153 91 1201 σον
119 1129 185 1223 γὰρ
214 1131 262 1212 εἰς
289 1123 382 1216 ἅπαξ
410 1131 534 1198 θανεῖν
562 1123 585 1219 ἢ
612 1125 676 1210 τὰς
708 1121 846 1208 ἁπάσας
877 1122 1008 1219 ἡμέρας
1041 1115 1187 1215 πάσχειν
1222 1131 1348 1208 κακῶς,
1388 1122 1450 1193 ubi
1486 1120 1679 1193 diversitas
1713 1119 1891 1214 appositis

25 1264 144 1336 verbis
171 1258 265 1351 ἅπαξ
292 1276 330 1334 et
355 1257 494 1346 ἁπάσας
521 1257 653 1356 ἡμέρας
680 1259 778 1332 clare
806 1258 931 1345 elucet,
952 1263 990 1330 ut
1008 1283 1127 1354 paene
1156 1256 1421 1352 paradigmatis
1450 1257 1564 1334 instar
1589 1255 1644 1325 lric
1670 1251 1773 1325 locus
1803 1279 1888 1325 esse.

27 1396 134 1470 nobis
160 1397 289 1492 possit.
322 1397 382 1491 (cs.
413 1395 532 1490 Eurip.
563 1395 675 1491 Iphig.
703 1392 786 1467 nul.
821 1403 911 1464 1261
950 1401 1068 1478 κακῶς
1096 1399 1162 1485 ζῆν
1186 1409 1347 1488 κρεῖσσον
1373 1388 1396 1483 ἢ
1424 1395 1547 1462 θανεῖν
1581 1395 1721 1472 mulctet
1762 1386 1886 1458 Paullo

27 1533 238 1606 obscuriora
264 1531 359 1612 haec
386 1529 553 1626 exempla
581 1546 678 1601 sunt:
708 1529 806 1600 Pers.
847 1534 922 1620 690
958 1531 990 1599 οἱ
1024 1527 1113 1598 κατὰ
1143 1526 1274 1618 χθονὸς
1301 1529 1378 1596 θεολ
1413 1530 1531 1612 λαβεῖν
1559 1521 1726 1616 ἀμείνους
1754 1527 1840 1595 εἰσὶν
1868 1521 1892 1615 ἢ

27 1672 196 1760 μεθιέναι,
223 1665 283 1737 ubi
313 1681 350 1736 et
374 1690 466 1736 voce
495 1669 616 1751 λαβεῖν
644 1679 681 1734 et
707 1673 797 1735 vo'ce
825 1666 987 1754 μεθιέναι
1016 1663 1062 1733 de
1097 1659 1325 1733 infernalium
1359 1659 1512 1763 deorum
1538 1683 1637 1730 more
1667 1673 1704 1728 et
1729 1657 1890 1731 instituto

28 1803 201 1873 certiores
230 1825 297 1871 nos
324 1816 438 1894 poeta
465 1799 558 1870 facit.
614 1797 829 1870 Accuratius
856 1823 944 1870 vero
971 1823 1046 1869 rem
1072 1795 1218 1867 intuenti
1245 1794 1403 1867 elucebit
1421 1795 1485 1866 tibi
1511 1809 1683 1888 punctum
1715 1794 1889 1887 temporis

28 1934 377 2030 comprehendendis
412 1933 614 2006 hominibus
652 1933 822 2016 consumi,
860 1929 960 2004 simul
1003 1956 1047 2002 ac
1083 1931 1211 2002 mortui
1251 1931 1334 2015 sint,
1376 1946 1564 2002 aeternam
1605 1928 1640 1998 in
1677 1928 1887 2024 regionibus

28 2070 151 2142 inferis
180 2069 404 2141 mansionem
427 2068 611 2140 imminere
637 2067 849 2138 hominibus.
905 2063 1028 2161 Suppl.
1058 2085 1145 2156 450.
1167 2067 1221 2135 θεῖ
1245 2065 1358 2160 κάρτα
1378 2062 1481 2136 θύειν
1508 2069 1565 2133 καὶ
1591 2079 1714 2136 πεσεῖν
1738 2056 1887 2158 χρηστή-

29 2233 86 2300 ρια
113 2207 227 2276 θεοῖσι
253 2212 394 2285 πολλοῖς
420 2203 542 2274 πολλά.
589 2202 735 2296 Nempe
755 2202 876 2274 verbis
898 2199 1012 2296 κύρια
1038 2193 1141 2273 θύειν
1165 2203 1395 2274 consuetudo
1428 2227 1537 2298 quam
1563 2201 1746 2273 asciscere
1791 2223 1886 2293 opus

28 2340 73 2410 sit
101 2338 329 2434 significatur,
358 2335 471 2410 altera
499 2337 670 2409 enuntiati
698 2354 804 2432 parte
832 2334 971 2432 singula
999 2335 1179 2408 sacrificia·
1205 2353 1545 2408 cnmmemorantur.

187 2501 277 2573 Cho.
314 2523 331 2593 5
370 2498 536 2595 κηρύσσω
570 2505 676 2594 πατρὶ
707 2494 842 2584 κλύειν,
879 2496 1040 2583 ἀκούσαι,
1078 2499 1138 2570 ubi
1167 2497 1385 2570 vocabulum
1417 2501 1537 2570 κλύειν
1569 2498 1786 2569 vertendum
1813 2511 1883 2566 est:

29 2637 165 2723 audire,
193 2619 479 2708 ausmerksamer
508 2635 628 2706 Hbrer
653 2660 695 2705 zu
723 2633 810 2721 sein,
840 2631 989 2704 ἀκοῦσαι
1020 2634 1070 2704 ita
1095 2633 1405 2728 interpretandum
1432 2648 1504 2704 est:
1535 2632 1658 2704 auditu
1683 2629 1888 2726 percipere,

30 2776 88 2846 die
115 2772 355 2866 vorliegende
383 2771 500 2842 Sache
527 2795 568 2840 zu
593 2768 824 2840 vernehmen.
854 2811 903 2820 -
941 2767 1044 2841 Eum.
1075 2791 1161 2859 430.
1186 2767 1308 2839 κλύειν
1341 2769 1473 2852 δίκαιος
1491 2763 1664 2861 μᾶλλονῆ
1690 2771 1822 2860 πρᾶξαι
1836 2767 1891 2834 θέ-

28 2917 107 2994 λεις,
136 2907 195 2978 ubi
222 2904 441 3002 singularem
470 2903 652 2975 actionem
679 2903 797 2974 lamae
826 2903 1018 2974 continuae
1044 2903 1261 2974 contrariam
1294 2928 1378 2974 esse
1406 2900 1512 2974 facile
1540 2902 1603 2974 tibi
1630 2899 1892 2996 persuadebis:

28 3045 122 3115 bene
150 3040 273 3113 audire
302 3065 408 3135 quarn
439 3039 539 3134 (data
571 3038 783 3133 occasione)
815 3039 909 3110 bene
937 3064 1049 3134 agere
1080 3039 1203 3111 mavis,

185 3203 287 3275 Eum.
321 3205 405 3292 708.
434 3200 633 3297 ὀρθοῦσθαι
660 3204 697 3272 δὲ
721 3201 788 3296 χρὴ
814 3206 873 3271 καλ
898 3207 1021 3294 ψῆφον
1047 3204 1158 3295 αἴρειν
1177 3207 1234 3272 καλ
1265 3203 1449 3292 διαγνύναι
1476 3203 1585 3293 δίκην,
1615 3223 1764 3293 surgere
1794 3221 1891 3290 opus

31 3355 99 3426 est,
128 3336 302 3410 calculum
330 3335 467 3420 tollere,
498 3360 645 3408 causam
673 3335 878 3407 diiudicare.
933 3335 1093 3406 Priorum
1125 3359 1275 3429 quoque
1311 3337 1465 3406 duorum
1493 3336 1686 3406 verborum
1713 3332 1888 3406 aoristum
1935 3396 1940 3405 .

30 3489 177 3568 putares
205 3471 323 3544 locum
349 3473 406 3543 hic
432 3471 581 3543 habere.
638 3471 768 3565 Neque
799 3469 893 3540 enim
920 3470 1033 3541 minus
1068 3470 1230 3542 actiones
1260 3486 1538 3542 momentaneae
1566 3487 1647 3540 sunt
1674 3493 1783 3564 quam
1814 3469 1888 3538 θια-

32 3615 168 3698 γνσᾶναι
194 3609 293 3699 δίκην
320 3607 547 3700 maximeque
575 3609 686 3701 alpem
713 3605 814 3676 unius
846 3606 1021 3676 momenti
1057 3605 1199 3677 videtur
1230 3631 1326 3677 esse.
1382 3605 1557 3677 Attamen
1585 3631 1630 3676 ne
1659 3603 1716 3676 hic
1744 3603 1886 3698 quidem

29 3741 173 3812 diversa
200 3758 368 3836 tempora
395 3757 533 3812 temere
557 3739 719 3810 adhibita
748 3753 837 3810 sunt.
892 3740 1092 3811 Praesente
1128 3739 1219 3810 enirn
1257 3739 1459 3811 enuntiatur
1487 3739 1592 3810 tarde
1622 3737 1889 3834 diligenterque

36 3877 155 3948 omnia
183 3900 308 3948 secum
336 3891 550 3970 reputantes
577 3874 716 3946 iudices
743 3899 850 3945 unum
880 3901 923 3946 ex
951 3875 1065 3945 altero
1085 3873 1133 3944 de
1153 3872 1330 3946 subselliis
1357 3899 1517 3969 surgere,
1547 3874 1678 3945 deinde
1700 3873 1747 3944 ad
1767 3899 1892 3944 urnam

32 4012 213 4082 accedere
239 4027 278 4082 et
310 4025 416 4081 caute
450 4024 659 4081 cunctantes
693 4009 806 4080 modo
842 4010 938 4081 hunc
971 4008 1085 4080 modo
1118 4006 1213 4080 illum
1251 4006 1427 4080 calculum
1464 4009 1629 4080 manibus
1661 4008 1893 4102 prehendere

33 4144 126 4216 velle
157 4159 193 4216 et
219 4160 305 4239 post
330 4138 549 4238 aliquantum
577 4145 720 4215 demum
753 4145 929 4238 temporis
971 4160 1108 4215 certam
1142 4144 1322 4237 quandam
1356 4143 1570 4215 sententiam
1605 4141 1797 4238 amplexos
1824 4145 1893 4216 iam

31 4305 102 4350 uno
131 4280 233 4374 quasi
258 4279 330 4349 ictu
354 4279 490 4350 nodum
518 4276 662 4349 solvere
692 4296 918 4373 causamque
948 4277 1166 4351 discernere.

190 4440 289 4512 Eum.
321 4464 404 4533 714.
429 4441 609 4535 χρησμούς
635 4442 719 4526 τοὺς
748 4441 919 4534 ἐμούς-
937 4447 1078 4536 ταρβεῖν
1105 4441 1239 4511 κελεύω
1265 4438 1345 4533 μηθ’
1371 4439 1606 4536 εἷκαρπιύτονς
1644 4451 1760 4515 κτίσαι
1793 4445 1897 4516 iussa

34 4601 116 4647 mea
174 4576 330 4647 revereri
385 4576 493 4647 iubeo
556 4601 647 4648 neve
700 4577 817 4648 inania
873 4577 1038 4648 reddere.
1120 4578 1172 4647 lta
1222 4576 1325 4648 nobis
1380 4578 1603 4650 vertentibus
1664 4604 1896 4673 nequaquam

32 4710 68 4780 in
113 4725 268 4790 mentem
337 4710 435 4782 venit
496 4710 589 4782 inter
660 4713 879 4806 pronuntiati
940 4727 1066 4806 partes
1118 4711 1309 4783 discrimen
1356 4726 1538 4800 statuere,
1607 4713 1779 4809 quoniam
1848 4713 1896 4783 ad

41 4861 180 4917 certam
253 4869 399 4918 causam
470 4845 717 4917 dirimendam·
771 4844 909 4940 Apollo
975 4845 1147 4916 iudicibus
1206 4871 1301 4940 quae
1355 4842 1414 4915 lex
1473 4847 1664 4942 sequenda
1724 4849 1769 4919 sit
1832 4846 1897 4918 illis

35 4980 156 5051 verbis
208 4981 394 5075 praecipit.
482 4979 619 5052 Aoristi
678 4980 784 5074 igitur
843 4983 936 5053 duos
988 4981 1177 5053 infinitivos
1236 4996 1504 5075 exspectamus.
1574 4982 1650 5054 Sed
1712 4982 1770 5077 qui
1824 4982 1895 5053 ani-

36 5138 174 5185 morum
213 5114 356 5186 habitus
402 5139 471 5209 per
514 5130 627 5186 totum
670 5116 784 5187 iudicii
826 5132 969 5210 tempus
1013 5141 1098 5188 esse
1147 5117 1282 5188 debeat
1327 5133 1523 5210 praesente
1565 5134 1678 5211 poeta
1718 5116 1897 5188 describit
