4138 5758
939 290 962 351 4

225 487 368 581 Quodsi
402 486 449 557 ad
486 483 641 556 infinitivi
682 483 835 556 formam
869 482 1101 578 respicimus,
1141 480 1367 576 Aeschylum
1405 482 1606 554 credideris
1650 481 1884 554 occasionem

12 629 83 698 hac
111 649 260 720 quoque
288 637 392 718 parte
422 620 596 692 orationis
626 643 715 690 suae
743 617 938 714 augendae
968 615 1229 712 ornandaeque
1265 643 1337 690 non
1369 618 1663 713 praetermisisse
1698 635 1735 690 et
1767 617 1882 689 varie-

13 777 135 843 tatem,
165 783 260 854 quae
289 757 323 828 in
349 753 408 827 illo
435 755 626 827 formando
653 753 687 824 in
715 751 869 825 Homeri
896 753 1109 825 carminibus
1146 752 1374 848 conspicitur,
1404 753 1437 825 in
1466 753 1628 825 diverbia
1655 769 1717 825 aut
1744 751 1885 824 cantica

14 895 287 992 tragoediarum
315 891 446 986 cupide
473 905 512 962 et
537 887 693 962 libenter
720 888 956 971 transtulisse,
984 889 1034 960 uti
1054 885 1253 971 Pindarum,
1282 887 1459 982 Aeschyli
1488 891 1693 983 aequalem,
1724 888 1884 983 quicum

14 1033 93 1127 ipse
122 1053 269 1126 quoque
296 1051 465 1122 magnam
492 1024 659 1096 dictionis
686 1040 829 1120 partem
856 1050 903 1095 ex
929 1023 1096 1097 Homero
1128 1039 1289 1096 sumeret
1323 1047 1594 1119 saepenumero
1622 1025 1789 1118 antiquas
1816 1025 1885 1096 infi-

16 1167 113 1238 nitivi
148 1164 282 1255 formas
315 1161 493 1235 adhibuit:
537 1162 683 1253 ’ἔμμεναι
722 1158 825 1253 Pyth.
853 1181 892 1248 4,
923 1164 982 1230 60.
1013 1201 1057 1210 -
1091 1162 1321 1250 βασιλευέμεν
1356 1156 1440 1232 ibid.
1482 1180 1566 1251 295.
1604 1203 1652 1212 -—
1686 1129 1910 1255 αὶαορηγνύ-ι

15 1329 120 1394 μεναι
146 1299 229 1373 ibid.
256 1319 342 1390 354.

227 1431 303 1506 Sed
335 1431 404 1503 hac
438 1431 473 1502 in
505 1445 611 1525 parte
647 1443 816 1502 veterum
853 1445 1047 1524 poetarum
1074 1429 1213 1502 ratione
1241 1428 1418 1502 derelicta
1447 1427 1653 1526 Aeschylus
1683 1431 1804 1525 populi
1834 1433 1886 1503 sui

16 1570 318 1645 consuetudinem
344 1567 445 1639 mire
460 1565 622 1638 servavit
649 1580 687 1636 et
714 1563 865 1636 retinuit.

81 1673 83 1679 Ι
227 1703 339 1800 Apud
370 1701 571 1773 Homerum
607 1714 737 1786 totam,
773 1716 811 1771 ut
845 1699 959 1772 verbo
993 1714 1085 1783 utar,
1119 1699 1307 1773 historiam
1340 1698 1499 1772 infinitivi
1527 1701 1661 1773 Graeci
1689 1702 1887 1774 invenimus

17 1845 63 1915 ab
92 1840 276 1938 orginibus
303 1834 518 1933 perductam
552 1835 599 1906 ad
633 1834 848 1929 posterioris
884 1835 1015 1906 aetatis
1051 1835 1205 1923 formas,
1242 1861 1337 1930 quae
1373 1851 1571 1931 tantopere
1606 1837 1887 1932 degenerarunt,

16 1995 55 2049 ut
82 2002 176 2072 quae
207 1971 291 2047 olim
320 1972 449 2044 fuerint
476 1970 537 2042 vix
566 1969 754 2041 diiudicari
779 1969 908 2064 possit.
983 2039 985 2046 ,

227 2109 314 2181 Tria
341 2124 464 2179 autem
491 2104 619 2178 suffixa
644 2103 801 2176 infinitivi
828 2102 1017 2177 Homerici
1046 2105 1258 2200 plerumque
1286 2104 1538 2206 statuuntur³):

228 2247 263 2339 a)
294 2270 407 2335 μεναι,
435 2241 537 2337 qnod
555 2240 589 2312 in
607 2239 771 2312 omnibus
792 2239 901 2310 activi
920 2239 1144 2334 temporibus
1164 2233 1303 2312 aoristo
1329 2240 1390 2335 qui
1417 2238 1546 2313 dicitur
1573 2243 1690 2337 primo
1718 2261 1887 2339 except0,

17 2385 176 2476 itemque
210 2381 245 2452 in
278 2377 418 2451 aoristis
449 2373 584 2471 passivi
618 2389 818 2468 usurpatur.
875 2374 1005 2446 Paucis
1037 2373 1072 2446 in
1109 2374 1233 2446 verbis
1278 2399 1359 2446 cum
1393 2401 1484 2471 pura
1525 2378 1649 2448 radice
1694 2376 1890 2464 coalescit,

17 2515 118 2590 velut
153 2516 187 2587 in
215 2517 366 2606 ἔδμεναι,
393 2514 548 2605 ἔμμεναι,
575 2514 700 2602 ἴμεναι.
757 2509 795 2581 ln
821 2506 1042 2604 simplicibus
1074 2534 1164 2580 vero
1200 2510 1334 2598 verbiS,
1365 2536 1519 2605 quorum
1545 2535 1667 2606 praes
1698 2512 1770 2586 ind.
1798 2514 1831 2585 in
1861 2543 1892 2584 αι

19 2645 100 2740 exit,
131 2647 190 2722 illa
216 2647 419 2721 terminatio
446 2643 564 2717 littera
599 2643 798 2717 thematica
835 2672 851 2715 ε
879 2666 959 2715 cum
991 2643 1116 2716 radice
1150 2645 1391 2742 coniungitur.
1449 2646 1636 2742 Persaepe
1662 2648 1892 2744 diphthongo

18 2815 54 2860 αι
82 2786 225 2858 abiecta
254 2783 415 2855 oriuntur
442 2780 581 2854 formae
608 2781 774 2872 βαινέμεν
801 2794 871 2851 ete.
1116 2883 1117 2886 Ἴ
1537 2751 1540 2760 ⁴

197 2915 199 2918 ’
229 2919 337 2990 Hanc
364 2933 487 2990 tamen
515 2914 733 3014 sententiam
761 2910 902 2986 silentio
930 2914 1133 3010 praeterire
1163 2938 1236 2985 non
1272 2939 1424 3010 possum
1451 2941 1523 2989 non
1549 2916 1622 2988 iam
1650 2919 1697 2989 ab
1725 2906 1892 2992 omnibus

18 3057 103 3128 viris
132 3054 250 3127 doctis
278 3051 435 3148 probari,
464 3075 536 3145 qua
563 3048 610 3121 de
637 3074 678 3122 re
709 3048 876 3122 conferas
911 3049 1120 3143 t‘urtium⁴):
1153 3093 1201 3102 —-
1242 3075 1306 3122 »es
1334 3052 1381 3122 ist
1406 3052 1473 3122 mir
1495 3053 1591 3147 jetzt
1617 3053 1702 3126 sehr
1728 3054 1890 3127 bedenk-

18 3191 105 3278 lich,
140 3216 206 3282 μεν
240 3188 306 3260 auf
332 3213 437 3278 μεναι
472 3183 802 3270 zurtickzufuhren,
836 3184 910 3255 und
943 3183 1085 3256 scheint
1121 3209 1163 3256 es
1198 3187 1265 3256 mir
1298 3185 1657 3273 wahrscheinlicher‚
1692 3215 1768 3262 was
1801 3191 1891 3262 auch

20 3327 134 3400 sehon
160 3351 233 3398 von
260 3323 435 3397 Anderen
463 3319 665 3392 vermuthet
691 3319 746 3404 ist,
777 3319 865 3391 dass
891 3346 958 3411 μεν
985 3319 1041 3390 ein
1065 3316 1211 3391 blosses
1240 3347 1251 3390 t
1277 3321 1491 3415 eingeb'usst
1518 3327 1601 3397 hat«
1636 3325 1753 3420 (sicuti
1781 3329 1819 3396 ἐν
1847 3351 1892 3398 ex

21 3468 82 3548 ὲνι,
108 3462 219 3536 dativi
245 3463 279 3534 in
306 3489 367 3547 οις,
395 3489 451 3547 αις
480 3487 526 3534 ex
555 3485 632 3546 οισι,
659 3483 733 3533 αισι
761 3459 879 3533 exorti
906 3464 1013 3556 sunt).

231 3598 286 3668 Ex
315 3596 383 3668 hac
418 3596 554 3668 deinde
586 3595 700 3669 sorma
731 3612 853 3669 natum
886 3612 945 3669 est
978 3594 1063 3668 illud
1100 3624 1162 3680 ειν,
1189 3599 1293 3692 quod
1324 3599 1394 3671 iam
1422 3599 1521 3694 apud
1553 3596 1754 3670 Homerum
1781 3595 1892 3694 longe

21 3734 289 3807 usitatissimum
316 3747 382 3805 est.
438 3730 546 3802 Hunc
574 3729 737 3827 quidem⁴
756 3731 790 3801 in
816 3729 963 3803 modum
996 3729 1100 3802 huius
1128 3730 1242 3803 suffixi
1278 3733 1455 3830 originem
1483 3733 1665 3829 explicant
1693 3734 1734 3804 L.
1763 3733 1894 3826 Meyer

20 3874 41 3942 l.
71 3871 90 3940 l.
120 3887 159 3940 et
190 3866 496 3963 ›vergleichende
524 3864 749 3938 Grammatik
778 3865 815 3949 ll,
849 3865 1389 3954 2813Kuhnenausfuhr1iche
1419 3867 1645 3941 Grammatik
1679 3892 1706 3952 1,
1737 3888 1755 3959 5
1763 3889 1822 3960 53.
1862 3929 1865 3936 .

233 4001 408 4075 Attamen
441 4000 550 4073 etiam
582 3999 676 4072 haec
711 4000 893 4072 sententia
927 4000 1012 4072 olim
1050 4001 1216 4073 omnibus
1243 4003 1399 4097 probata
1426 4004 1537 4077 hodie
1566 4001 1746 4077 nonnullis
1761 4029 1890 4100 gram·
1966 3977 1971 3989 ³

22 4139 165 4213 maticis
192 4135 372 4233 displicet,
399 4133 509 4208 veluti
538 4134 665 4208 Curtio
693 4134 860 4208 redeunti
893 4136 927 4207 in
961 4157 1042 4206 σανι
1073 4119 1248 4229 suffixum,
1280 4139 1378 4211 cuius
1405 4136 1549 4212 litterae
1578 4164 1599 4210 α
1628 4155 1664 4210 et
1692 4167 1703 4210 t
1729 4155 1894 4212 remotae

22 4277 99 4348 sint.
142 4275 234 4346 Tum
268 4272 363 4372 hunc
395 4270 514 4343 habes
550 4295 802 4366 progressum:
838 4267 1012 4370 [λεγεσενα
1044 4277 1201 4363 λεγεσεν,
1234 4271 1375 4375 interd,
1411 4278 1540 4365 λέγειν,
1580 4298 1653 4368 qua
1687 4273 1896 4347 deducendi

23 4410 161 4483 ratione
204 4409 292 4481 mira
333 4405 489 4478 nascitur
528 4403 722 4479 similitudo
764 4429 845 4476 cum
874 4403 1006 4476 Latino
1035 4403 1222 4477 infinitivo:
1257 4403 1385 4502 legere
1427 4423 1463 4480 et
1512 4408 1651 4482 aoristo
1703 4391 1893 4506 sigmatico

24 4546 192 4619 Graeco:
221 4540 383 4644 [λεγσανα
408 4539 549 4642 hevilath
575 4544 680 4629 λέξαι.

167 4814 189 4892 ³)
236 4813 275 4879 cs.
292 4813 361 4875 Leo
377 4812 500 4896 Meyer,
518 4815 575 4877 der
602 4813 741 4876 infinitiv
768 4815 825 4876 der
846 4815 1072 4878 homerischen
1088 4813 1241 4898 Sprache.
1291 4817 1352 4878 Ein
1369 4817 1496 4900 Beitrag
1520 4840 1557 4881 zu
1582 4820 1685 4882 seiner
1701 4817 1895 4882 Geschichte

234 4931 278 4991 im
302 4927 539 4993 Grieehischen.
587 4931 671 4994 Diss.
698 4931 805 5013 inaug.
831 4929 918 4994 Gott.
942 4933 1032 5010 1856.

167 5045 190 5130 4)
236 5044 274 5108 G.
300 5044 436 5122 Curtius,
472 5048 530 5109 das
560 5048 706 5110 Verbum
739 5047 795 5112 der
829 5045 1058 5112 Grieehischen
1093 5048 1248 5131 Sprache.
1280 5051 1402 5114 seinem
1432 5053 1520 5117 Baue
1550 5054 1633 5115 nach
1656 5053 1851 5135 dargestellt.
1877 5071 1894 5117 2

238 5162 310 5232 voll.
338 5164 428 5248 1873.
462 5164 554 5249 1876.
577 5163 640 5231 vol.
664 5165 692 5226 II
714 5185 747 5248 p.
776 5166 843 5230 106.
