4138 5758
941 367 983 427 42

1095 441 1150 449 --—-

669 566 693 661 §
721 565 757 638 3.
785 565 844 638 De
869 565 1061 638 infinitivo
1089 566 1263 657 perfecti.

192 757 396 850 Perfectum
426 755 673 828 conditionem
701 754 891 849 significat,
922 772 1242 852 quaepostquam
1273 782 1321 828 ea
1349 757 1519 830 confecta
1548 773 1606 828 est
1632 755 1728 831 actio
1759 753 1894 828 evadat

36 890 130 990 quae
171 895 283 988 stirpe
325 895 383 964 vel
417 890 513 964 nuda
546 889 684 962 verbali
714 892 771 960 vel
805 890 1010 984 praesentis
1049 890 1268 985 exprimitur.
1329 891 1413 967 Hoc
1445 892 1538 964 enim
1569 892 1698 968 nemini
1730 893 1893 986 ignotum

35 1056 119 1102 esse
148 1028 293 1100 confido
319 1025 504 1122 praeteriti
531 1024 705 1119 temporis
732 1050 777 1096 ne
805 1023 1027 1096 levissimum
1059 1026 1205 1120 quidem
1236 1026 1425 1124 vestigium
1465 1026 1545 1098 huic
1573 1027 1711 1118 sonnae
1737 1029 1892 1110 subesse

34 1182 72 1236 et
97 1165 203 1236 valde
233 1187 317 1234 esse
346 1160 546 1232 cavendum
581 1184 627 1230 ne
659 1185 739 1230 cum
767 1158 883 1230 Latini
910 1159 1063 1254 perlecti
1092 1160 1127 1232 vi
1157 1186 1199 1232 ac
1227 1160 1490 1256 significatione
1517 1162 1769 1236 confundatur.
1824 1163 1889 1232 lta-

35 1325 106 1393 que
137 1298 325 1369 cuiuslibet
352 1294 551 1389 perlectum
579 1293 683 1365 verbi
711 1292 848 1387 optime
878 1294 988 1366 iacies
1017 1295 1046 1366 si
1074 1295 1159 1366 novi
1182 1296 1282 1368 verbi
1305 1311 1503 1390 praesente
1523 1295 1758 1384 transtuleris
1781 1321 1893 1392 quare

36 1433 256 1504 Forssmann
284 1433 303 1502 l.
339 1428 360 1502 l.
397 1455 432 1524 p.
475 1451 518 1500 ιο
552 1428 605 1499 in.
629 1427 803 1522 exemplis
836 1453 856 1498 e
891 1429 1106 1522 Thucydide
1149 1427 1363 1527 colligendis
1405 1447 1573 1525 tempora
1613 1431 1817 1526 praesentis
1858 1448 1896 1533 et

35 1567 185 1662 perlecti
225 1565 429 1660 promiscue
469 1563 690 1634 enumeravit
728 1579 766 1634 et
802 1562 918 1636 lorma
950 1565 1075 1647 solum,
1112 1589 1182 1636 non
1216 1565 1358 1658 syntaxi
1395 1565 1562 1638 distinxit.
1619 1565 1757 1670 Nostra
1800 1565 1895 1638 enim

26 1725 164 1794 'novum
191 1716 323 1772 statum
350 1699 553 1770 etiamnunc
583 1695 826 1769 continuatum
853 1722 897 1769 ac
925 1697 1113 1770 durantem
1140 1724 1367 1796 cognoscere
1407 1700 1559 1772 maxime
1597 1699 1720 1785 resert,
1757 1715 1795 1771 ut
1822 1727 1896 1770 πε-

33 1840 211 1908 πτωκέναι
238 1835 334 1906 idern
361 1834 437 1906 lere
467 1833 513 1903 sit
540 1832 640 1927 quod
666 1835 811 1904 κεῖσθαι.
867 1831 992 1927 Atque
1022 1859 1105 1904 eam
1142 1849 1277 1905 tantum
1311 1834 1474 1906 invenies
1511 1806 1761 1918 differentiam,
1794 1834 1895 1929 quod

34 1972 201 2066 perlecto
229 1995 338 2065 quern
365 1969 412 2040 ad
440 1967 586 2038 modum
620 1966 778 2038 conditio
815 1991 992 2061 praesens
1026 1969 1126 2040 facta
1161 1967 1206 2038 sit
1238 1966 1340 2038 simul
1373 1967 1561 2050 indicatur,
1594 1983 1632 2038 ut
1665 1967 1756 2040 duas
1782 1970 1896 2063 *quasi

34 2107 67 2177 in
95 2131 166 2176 uno
194 2104 307 2186 verbo
335 2103 501 2174 notiones
533 2101 749 2174 intueamur:
776 2108 919 2172 πίπτειν
956 2118 994 2174 et
1027 2106 1173 2186 restaliat,
1206 2079 1286 2175 cum
1320 2103 1353 2176 in
1385 2107 1524 2176 retollere
1558 2101 1616 2174 illa
1651 2101 1808 2174 cadendi
1843 2102 1897 2174 vis

36 2265 182 2334 prorsus
211 2235 380 2332 neglecta
408 2237 461 2309 sit.
494 2236 708 2308 Tenendum
735 2235 881 2330 quidem
909 2252 965 2308 est
992 2263 1038 2308 ne
1067 2237 1235 2310 Graecos
1265 2238 1411 2333 quidem
1439 2237 1604 2309 homines
1631 2263 1776 2333 semper
1801 2237 1896 2308 hanc

35 2373 188 2469 perlecti
216 2388 379 2447 naturam
407 2371 586 2467 integram
614 2397 793 2458 servasse,
824 2373 893 2442 secl
920 2396 1021 2442 usum
1049 2370 1286 2467 principalem
1316 2398 1357 2443 ac
1389 2373 1583 2466 genuinum
1611 2371 1695 2444 inde
1723 2397 1745 2444 a
1771 2371 1889 2445 Xeno·

37 2510 172 2603 phonte
208 2506 384 2579 laxiorem
424 2505 501 2578 fieri
541 2507 584 2580 cl.
622 2506 781 2579 Curtium
820 2507 856 2577 in
896 2503 974 2577 libri
1015 2507 1242 2602 grammatici
1286 2507 1595 2602 explanationibus
1631 2509 1674 2601 'p.
1716 2511 1781 2577 182
1818 2522 1893 2579 not.

36 2642 209 2738 Aeschyli
241 2641 348 2738 igitur
377 2657 502 2713 aetate
536 2640 713 2712 eiusmodi
747 2640 959 2735 depravatio
994 2641 1152 2712 nondum
1185 2641 1341 2713 cernitur
1373 2667 1414 2713 ac
1454 2643 1687 2737 conspicitur,
1723 2641 1760 2712 id
1795 2641 1896 2735 quod

35 2779 207 2872 peculiari
236 2776 492 2849 dissertatione
522 2776 786 2848 demonstravit
811 2775 980 2867 Brock²)‚
1009 2776 1068 2871 qui
1096 2776 1142 2847 de
1172 2776 1338 2848 universa
1365 2776 1517 2871 perlecti
1542 2776 1685 2870 syntaxi
1714 2775 1896 2852 disseruit.

36 2914 224 2986 lnlinitivos
253 2938 326 3008 ego
354 2913 480 3005 viginti
508 2911 624 2982 inveni
652 2929 713 2983 aut
752 2911 988 3004 undeviginti,
1018 2937 1096 2982 cum
1127 2912 1173 2982 ab
1203 2937 1273 2982 uno
1299 2910 1384 2984 loco
1414 2912 1645 2989 discesseris:
1684 2911 1786 3008 srgm.
1823 2933 1893 3002 395

36 3047 76 3118 τὸ
102 3049 150 3141 μὴ
177 3050 341 3140 γενέσθαι
369 3045 496 3117 d'dorlv
524 3043 545 3138 ὴ
572 3049 767 3135 πεφυκέναι
794 3062 956 3139 κρεῖσσον
983 3053 1100 3130 κακῶς
1125 3046 1315 3136 πάσχοντα,
1343 3047 1445 3142 quod
1464 3045 1627 3140 Euripidi
1646 3047 1768 3140 potius
1788 3072 1898 3140 quam

36 3181 224 3274 Aeschylo
255 3181 464 3252 Dindorfius
493 3197 621 3252 censet
648 3181 877 3252 tribuendum
906 3207 1000 3252 esse.
1056 3181 1102 3252 Et
1137 3180 1219 3252 mihi
1254 3207 1401 3276 quoque
1430 3181 1524 3252 haec
1562 3181 1684 3276 opinio
1713 3205 1896 3251 commen-

36 3316 157 3387 danda
188 3317 332 3387 videtur
367 3319 520 3410 propter
552 3316 770 3387 sententiam
800 3315 979 3410 Euripidis
999 3315 1145 3409 ingenio
1177 3313 1282 3410 plane
1317 3340 1516 3411 congruam
1550 3316 1593 3386 cs.
1632 3315 1731 3408 lrgm.
1769 3314 1893 3408 Eurip.

36 3447 157 3544 599³).
213 3451 407 3522 Tredecim
435 3465 556 3522 autem
585 3450 749 3522 diversas
776 3449 909 3521 lormas
937 3449 1002 3521 illis
1028 3451 1116 3522 locis
1145 3450 1370 3544 collegimus
1401 3476 1495 3545 quae
1525 3467 1608 3521 sunt
1634 3449 1722 3520 hae:

189 3617 529 3684 πεπτωκέναι
557 3613 659 3708 Sept.
690 3622 775 3703 462.
806 3613 896 3684 Ch0.
930 3618 1012 3706 263.
1039 3613 1060 3684 i.
1090 3639 1120 3684 e.
1149 3617 1286 3684 κεῖσθαι
1312 3613 1491 3684 cecidisse
1521 3628 1558 3684 et
1584 3613 1714 3684 iacere.
1755 3615 1757 3620 ’

190 3744 457 3842 ηὑρῆσθαι
486 3748 584 3818 Pers.
615 3769 686 3840 743
726 3747 745 3818 i.
775 3773 806 3820 c.
832 3764 994 3842 παρεῖναι
1024 3749 1128 3842 (ἔοικε
1159 3755 1279 3819 κακῶν
1306 3747 1412 3843 πηγή)
1440 3748 1604 3819 inventus
1633 3773 1717 3818 esse
1745 3761 1782 3817 et
1808 3769 1891 3839 pro-

34 3899 132 3954 stare
162 3883 241 3954 lons
268 3883 416 3953 videtur.

191 4073 216 4116 π
231 4072 247 4116 ε
261 4071 287 4114 π
302 4073 320 4116 o
336 4073 355 4139 ρ
371 4049 430 4136 ‘dri
444 4069 465 4116 o
480 4049 503 4116 ll
517 4073 539 4116 α
558 4071 568 4115 ι
595 4044 667 4141 Ag.
700 4068 767 4136 591
801 4046 821 4120 i.
851 4071 884 4120 e.
912 4050 1182 4140 acaopllrypdvou
1208 4050 1345 4118 κεῖσθαι
1371 4061 1550 4118 vastatum
1579 4046 1708 4118 iacere.

191 4184 494 4273 μεμνῆσθαι
520 4182 617 4251 Pers.
648 4183 732 4273 287.
761 4179 891 4276 Suppl:
926 4204 994 4272 205
1031 4181 1065 4252 in
1100 4183 1309 4254 memoriam
1343 4181 1409 4253 sibi
1444 4205 1642 4252 revocasse
1678 4205 1889 4252 memorem-

11 4341 109 4410 -que
142 4339 239 4386 esse.

193 4500 279 4580 σεο
296 4484 326 4548 oi
342 4500 362 4549 ο
379 4481 464 4548 θαι
492 4479 589 4548 Pers,
622 4499 692 4570 737
724 4496 903 4550 servatum
933 4479 1076 4562 adesse,
1106 4479 1250 4550 tametsi
1277 4479 1365 4574 πρὸς
1392 4477 1537 4573 ἤπειρον
1558 4481 1664 4572 τήνδε
1686 4479 1895 4573 appositum

37 4629 102 4700 est,
132 4613 260 4708 quibus
290 4612 324 4682 in
352 4613 475 4683 verbis
502 4611 665 4715 relictum
694 4611 827 4707 aliquid
854 4613 1019 4684 videmus
1048 4612 1124 4686 eius
1153 4603 1307 4684 actionis
1343 4615 1507 4708 (φυγεῖν,
1534 4639 1580 4684 ex
1619 4609 1690 4710 qua
1724 4629 1804 4685 orta
1837 4629 1896 4684 est

39 4748 201 4820 conditio
231 4771 326 4841 quae
361 4748 470 4819 etiam
503 4771 597 4818 nunc
634 4764 768 4820 manet.
829 4749 886 4818 »ln
920 4748 1015 4819 hanc
1053 4763 1186 4819 terram
1225 4748 1398 4844 effugisse
1435 4765 1471 4819 et
1508 4774 1600 4821 nunc
1636 4765 1748 4821 tutum
1783 4775 1889 4821 esse«

41 4945 46 4951 ι
51 4945 63 4950 -
68 4946 174 4952 ...η-...-
178 4945 193 4952 .-
197 4945 452 4952 -..—-„.---—-——·

175 5031 197 5110 ²)
242 5030 342 5112 Leop.
367 4985 480 5101 Brock,
505 5029 545 5091 de
568 5028 698 5111 perlecti
721 5039 754 5092 et
776 5029 944 5112 plusquam
967 5029 1098 5112 perfecti
1123 5052 1179 5092 usu
1202 5029 1393 5114 Aeschyleo
1418 5031 1501 5097 Diss.
1526 5031 1693 5099 Vratislav
1723 5031 1813 5109 1865.

178 5144 200 5239 ³)
245 5147 354 5232 Eurip.
380 5148 428 5208 ed.
453 5146 494 5211 A.
518 5147 640 5209 Nauck.
666 5147 741 5228 aps,
771 5149 859 5226 1869.
885 5157 964 5213 torn.
987 5147 1038 5214 lll.
1479 5143 1481 5148 ’
1828 5135 1830 5141 “
