4138 5758
16 525 34 586 {⁵
80 563 179 634 τικόν
204 570 315 646 λείπει
341 564 382 634 τὸ
408 564 469 647 δὸς
495 561 517 656 ἢ
543 571 692 656 ποίησον
719 561 743 655 ἢ
771 559 923 655 είχομαι.
979 559 1153 632 Attamen
1184 586 1229 632 ne
1265 562 1298 632 in
1336 561 1406 633 hoc
1442 561 1588 656 quidem
1631 560 1773 633 dicendi
1813 585 1951 654 genere

81 696 260 770 eiusmodi
291 696 413 769 verbis
447 721 541 793 opus
574 713 642 782 est,
675 697 777 793 quod
818 697 864 768 ab
899 693 960 768 illo
1002 720 1110 790 quem
1144 711 1253 768 antea
1291 693 1583 769 adumbravimus
1622 722 1687 768 usu
1722 694 1861 792 seiungi
1895 693 1953 765 vix

13 889 15 920 g
80 848 209 926 potest
237 830 280 903 cs.
308 831 479 928 Krueger
503 829 524 902 l.
557 829 578 905 l.
614 827 637 934 ξ
665 852 723 924 55,
757 855 784 915 1,
814 830 858 902 A.
887 853 927 922 4:
964 826 1144 918 ›absolut,
1172 831 1310 928 gewiss
1337 829 1432 904 ohne
1464 830 1692 928 Erganzung,
1726 828 1952 925 gebrauchte

79 992 165 1038 man
179 968 251 1039 den
270 965 419 1039 Infinitiv
442 967 533 1038 auch
548 992 609 1037 zur
627 965 889 1060 Bezeiehnung
911 965 1011 1038 eines
1026 964 1234 1038 Wunschos
1252 965 1513 1061 (optativisch),
1529 963 1582 1039 als
1598 966 1679 1038 eine
1694 964 1765 1037 Art
1778 961 1947 1038 Ausrui.«

238 1099 350 1196 Apud
383 1098 608 1194 Aeschylum
641 1099 747 1194 igitur
781 1100 940 1196 quinque
981 1101 1016 1172 in
1051 1099 1143 1172 loeis
1171 1099 1378 1172 huiusmodi
1410 1101 1719 1173 constructionem
1747 1098 1949 1194 deprehen-

9 1283 11 1342 r
80 1234 208 1307 dimus
250 1235 307 1307 Ac
321 1235 470 1330 primum
487 1235 604 1308 affero
619 1234 690 1307 hoc
719 1233 940 1331 exemplum:
970 1228 1074 1331 Sept.
1108 1256 1179 1327 253
1208 1239 1286 1306 θεολ
1311 1243 1461 1320 πολῖται,
1488 1234 1537 1328 μή
1562 1263 1606 1328 με
1634 1238 1794 1319 δουλείας
1820 1250 1948 1324 τυχεῖν;

8 1389 12 1416 ¹
78 1395 124 1441 ne
153 1370 343 1466 contingat
367 1369 450 1443 mihi
477 1370 640 1443 servitus.
697 1367 864 1443 Alterum
891 1370 1067 1442 invenitur
1094 1370 1129 1442 in
1164 1368 1422 1463 Aristophanis
1449 1368 1569 1441 sabula
1598 1371 1789 1452 Ranarum‚
1817 1368 1851 1440 in
1879 1393 1951 1462 qua

78 1505 246 1599 Dionyso
273 1505 429 1578 iubenti:
460 1501 689 1598 Εδχεσθεδὴ
728 1511 785 1576 καὶ
817 1503 898 1595 σφω
918 1533 953 1576 τι
978 1511 1062 1600 πρὶν
1088 1501 1182 1598 τᾶπη
1210 1507 1323 1597 λέγειν
1378 1501 1584 1599 Aeschylus
1609 1504 1664 1576 his
1693 1503 1861 1598 precibus
1889 1503 1948 1574 ob-

6 1611 8 1694 l
79 1639 258 1734 sequitur:
290 1640 457 1734 Δήμητερ
482 1636 505 1733 ἡ
531 1642 694 1734 θρίιμασα
720 1642 785 1724 τὰς
811 1639 897 1732 ἐμὰς
922 1644 1055 1735 φρένας
1079 1639 1204 1740 λΕῖναί
1228 1668 1272 1733 με
1298 1645 1463 1711 τωνσσῦν
1490 1636 1592 1728 οίξιον
1617 1645 1833 1734 μυστηρίων,
1858 1663 1947 1736 quos

5 1741 7 1796 l
78 1771 255 1870 Aeschyli
280 1775 393 1870 ipsius
419 1799 545 1847 versus
575 1799 661 1847 esse
690 1773 908 1848 scholiastes
936 1773 1100 1848 affirmat.

4 1874 6 1888 .
234 1911 271 1980 In
299 1909 409 1980 tertio
437 1906 671 2003 explanando
698 1905 784 1981 loco
820 1909 883 1981 viri
919 1910 1018 1981 docti
1046 1909 1271 1982 dissentiunt.
1328 1909 1418 1981 Sunt
1451 1909 1565 1980 verba
1597 1909 1631 1980 in
1658 1909 1783 2003 Suppl.
1811 1934 1842 1979 v.
1879 1932 1921 1998 14
1927 1933 1946 1999 3

77 2068 158 2137 sqq·
188 2058 225 2115 et
252 2043 409 2137 repetita
437 2042 569 2115 eadem
594 2043 630 2114 in
656 2042 878 2115 hemichorio
906 2041 1022 2116 altero
1051 2069 1083 2119 ν.
1121 2065 1184 2135 151
1218 2047 1738 2140 3(λ(1·ῑοπέρίίασεμνᾶςμέία
1763 2043 1924 2142 ματρόςί
2039 2039 2066 2094 ’Ν

77 2175 184 2261 εὐνὰς
210 2175 363 2271 ἀνδρων,
390 2177 439 2268 ἐή,
464 2173 468 2278 l
494 2175 639 2270 ἄγαμον,
667 2175 851 2270 ἀδάματον
882 2181 1056 2270 ἐκφυγεῖν.
1111 2176 1224 2271 Quod
1247 2179 1470 2250 enuntiatum
1490 2177 1698 2249 Dindorfius
1724 2178 1759 2249 in
1786 2177 1947 2249 editione

1 2305 5 2312 δ
76 2311 278 2384 Oxohiensi
324 2311 484 2406 itemque
515 2306 748 2383 Hermannus
783 2316 827 2407 (v.
867 2334 935 2404 125
973 2327 1010 2384 et
1051 2316 1135 2407 135)
1176 2304 1407 2384 referendum
1426 2337 1529 2384 esse
1565 2328 1715 2384 censent
1749 2311 1797 2383 ad
1833 2313 1946 2384 verba
2065 2337 2066 2340 ’

78 2471 173 2540 quae
202 2444 437 2518 antecedant.
493 2445 727 2518 Antecedunt
762 2462 884 2518 autem
914 2447 949 2518 in
980 2446 1097 2541 primo
1124 2447 1348 2519 hemichorio
1375 2447 1467 2519 haec
1493 2449 1621 2519 verba:
1658 2447 1944 2532 τελευτάς-πα-

75 2580 142 2676 τήρ
167 2578 171 2682 l
196 2596 404 2676 πρευμενεῖς
436 2587 596 2666 κτίσειεν,
631 2581 664 2652 in
698 2563 835 2653 altero:
879 2581 1000 2678 ῥύσιος
1034 2579 1194 2674 ἀδμήτας
1230 2585 1398 2674 γενέσθω.
1458 2583 1505 2654 Et
1540 2607 1630 2654 vero
1666 2597 1815 2654 exstant
1847 2581 1943 2676 apud

76 2712 301 2809 Aeschylum
327 2714 532 2787 huiusmodi
557 2716 715 2789 infinitivi
750 2714 896 2790 liberius
932 2716 1059 2800 additi,
1108 2718 1177 2789 sed
1212 2739 1284 2788 non
1319 2716 1370 2789 ita
1404 2741 1519 2812 saepe
1556 2715 1652 2789 aliud
1686 2717 1837 2789 adicitur
1864 2717 1944 2788 sub-

75 2850 221 2923 iectum.
278 2849 398 2922 Unum
425 2851 677 2924 tantummodo
707 2855 912 2948 exemplum
947 2852 1121 2924 memoria
1156 2869 1286 2924 teneo:
1319 2851 1424 2948 Sept.
1464 2874 1526 2944 15:
1554 2853 1654 2923 πόλει
1685 2850 1862 2946 τ’άρήγειν
1889 2857 1946 2923 καὶ

76 2988 173 3056 θεων
206 2989 385 3080 ἐγχωρίων
409 2983 414 3083 Ι
438 2990 588 3080 βωμοῖσι
620 2987 724 3081 τιμὰς
749 2988 797 3081 μὴ
823 2985 1069 3083 ’ξαλειφθιγναί
1102 3013 1198 3058 ποτε.
1254 2987 1452 3059 Praeterea
1483 3013 1651 3059 versuum
1688 2984 1830 3058 illorum
1863 3012 1943 3082 gra·

74 3119 166 3191 vitas
194 3117 373 3192 debilitari
398 3119 548 3204 videtur,
575 3121 636 3193 ubi
667 3121 915 3194 Hermannum
948 3121 1153 3215 sequimur3
1190 3147 1272 3194 nam
1301 3123 1467 3194 homines
1502 3122 1740 3195 vehementer
1771 3123 1945 3194 commoti

76 3279 308 3348 nequaquam
339 3254 507 3326 uberiore
543 3279 683 3349 genere
718 3255 866 3328 dicendi
902 3256 952 3327 uti
989 3254 1119 3339 solent,
1152 3257 1221 3328 sed
1257 3257 1379 3352 potius
1411 3256 1512 3328 brevi
1547 3273 1586 3331 et
1615 3258 1781 3353 abrupto.
1844 3254 1943 3348 Qua-

75 3403 228 3484 propter
258 3388 342 3460 mihi
375 3385 492 3462 altera
526 3389 661 3461 arridet
691 3388 857 3462 Dindorfi
895 3390 1077 3463 sententia
1120 3391 1153 3462 in
1188 3390 1351 3462 editione
1400 3391 1582 3486 Lipsiensi
1615 3391 1768 3488 prolata,
1805 3391 1838 3462 in
1873 3417 1944 3486 qua

76 3538 165 3617 post
192 3529 345 3594 κτίσειεν
371 3537 408 3595 et
435 3526 595 3616 γενέσθω
622 3524 851 3619 interpunxit,
878 3540 917 3596 ut
944 3526 1057 3597 verba
1085 3516 1217 3620 preces
1245 3548 1413 3597 sororum
1443 3524 1646 3622 supplicum
1672 3525 1890 3598 contineant.

118 3751 121 3757 .
234 3684 380 3758 Deinde
414 3689 755 3760 commemorandus
787 3706 844 3761 est
877 3685 1001 3784 Suppl.
1033 3715 1066 3760 v.
1101 3693 1192 3780 635:
1233 3688 1370 3780 μήποτε
1410 3696 1611 3785 πυρίφατον
1643 3689 1710 3760 τδιν
1748 3696 1943 3780 Πελασγίαν

76 3819 179 3891 πόλιν
204 3818 208 3920 Ι
234 3821 298 3891 τὸν
325 3818 454 3915 ἄχορον
480 3822 569 3908 βοὰν
594 3830 709 3894 κτίσαι
735 3823 869 3916 μάχλον
884 3821 969 3918 Ἄρη.
1001 3849 1068 3895 »πε
1095 3849 1252 3919 unquam
1279 3849 1409 3896 saevus
1425 3826 1525 3896 Mars
1553 3822 1789 3920 Pelasgorum
1816 3821 1943 3894 urbem

75 3955 246 4027 incendio
274 3941 460 4028 deleatr

235 4088 407 4184 Denique
436 4089 526 4162 Cho.
554 4116 587 4163 ν,
620 4093 712 4182 368:
741 4091 854 4187 πάρος
880 4091 944 4164 δοῖ
970 4093 1164 4178 κτανόντες
1198 4123 1256 4167 νιν
1285 4091 1402 4181 οὕτως
1429 4098 1590 4189 δαμῆναι,
1616 4097 1665 4168 ad
1692 4120 1802 4192 quem
1828 4092 1941 4166 locum

74 4224 305 4298 scholiastes:
336 4231 445 4297 λείπει
471 4225 512 4296 τὸ
539 4222 681 4315 ὤφελον
708 4227 776 4321 πρὸ
802 4235 867 4298 τοῦ
893 4225 1090 4316 ἀποθανεῖν
1118 4228 1181 4300 τὸν
1207 4201 1350 4325 πατέρα.
1405 4229 1721 4329 Interpretandum
1750 4246 1807 4301 est
1839 4230 1945 4325 igitur

73 4384 153 4431 cum
190 4357 442 4455 Klauseni0⁵):
490 4361 632 4456 »potius
665 4362 799 4434 utinam
839 4360 1099 4434 interfectores
1135 4363 1188 4434 sic
1216 4365 1432 4459 perissent«
1491 4365 1621 4437 Mirum
1650 4364 1811 4458 quidem,
1841 4362 1942 4459 quod

74 4492 311 4567 nominativus
352 4493 506 4567 subiecti
540 4495 682 4589 positus
720 4512 780 4568 est
818 4521 886 4591 pro
934 4496 1147 4569 accusativo
1164 4523 1284 4592 ¹quem
1312 4497 1389 4571 aliis
1418 4498 1597 4571 eiusmodi
1622 4495 1709 4570 locis
1735 4497 1937 4570 invenimus.

74 4626 303 4723 Accipienda
341 4645 463 4701 autem
504 4629 726 4702 constructio
753 4647 812 4703 est
844 4628 1047 4704 anacoluthi
1074 4632 1196 4717 instar,
1231 4634 1333 4728 quasi
1370 4634 1521 4705 verbum
1553 4633 1686 4705 finitum
1714 4643 1937 4727 sequeretur.

72 4764 120 4835 Et
156 4778 302 4835 exstant
341 4759 424 4835 alibi
465 4788 614 4859 quoque
656 4765 830 4838 eiusmodi
862 4766 1077 4850 nominativi,
1119 4765 1218 4840 velut
1259 4768 1331 4840 Od.
1374 4798 1406 4861 η,
1449 4790 1534 4859 311.
1577 4776 1605 4857 ξ,
1649 4785 1695 4860 37
1702 4787 1735 4859 5.
1766 4807 1812 4821 --
1852 4763 1937 4836 Eur.

73 4894 155 4971 Hel.
186 4902 271 4989 263.

222 5227 245 5314 ⁵)
289 5231 326 5293 In
349 5229 489 5293 editione
512 5229 605 5294 huius
627 5229 760 5294 fabulae.
801 5229 929 5296 Gothae
957 5235 1048 5312 1835·
