4138 5758
893 323 1011 388 ,32

1049 395 1182 406 .--.-.-.

63 483 207 619 iainque
234 523 332 619 apud
363 520 562 596 Homerum
589 517 700 615 viget.
747 515 877 614 Longe
913 534 1035 590 autem
1073 515 1293 590 usitatissimi
1327 532 1409 590 sunt
1441 515 1596 590 infinitivi
1628 515 1688 616 qui
1723 515 1929 611 significant

66 659 204 744 videre,
234 656 370 738 audire,
400 655 539 729 dicere:
568 658 875 749 οἰκτραῖσιν
904 651 1021 724 δ’ἰδεῖν
1047 651 1103 725 Pr.
1138 678 1154 722 2
1162 655 1208 744 38
1238 651 1329 724 visui
1357 677 1386 724 s.
1416 651 1578 724 cernenti
1607 651 1831 726 miserandis,
1873 697 1925 706 -

63 791 362 886 τευχηστὴς
389 793 528 862 ἰδεῖν
554 789 655 884 Sept.
686 797 773 878 644.
803 833 854 841 -
882 791 1104 881 φοβεροὶ
1135 791 1201 880 μὲν
1235 787 1321 858 ἰδεῖν
1356 787 1456 859 Pers,
1497 808 1552 880 27.
1587 831 1638 840 —-
1668 784 1926 880 εὐφεγγὴς
2049 867 2050 888 .

63 931 149 1000 ἰδεῖν
174 919 261 1000 Pers
292 928 378 1020 387.
411 969 462 986 ν·-
493 926 746 1014 ὲκφανεῖς
780 923 865 994 ἰδεῖν
896 922 997 996 Pers.
1032 923 1117 1013 398.
1154 965 1205 976 —-
1239 921 1574 1017 διχορρόπως
1608 923 1695 993 ἰδεῖν
1726 920 1798 1018 Ag.
1837 944 1923 1017 349,
2049 899 2050 908 ¹

63 1110 111 1120 -
141 1064 227 1134 ἰδεῖν
255 1055 545 1154 ὁμόπτερος
580 1057 673 1130 Cho.
716 1080 798 1148 194.
832 1101 882 1112 --
918 1055 1221 1152 προσφερὴς
1251 1057 1338 1127 ἰδεῖν
1371 1055 1460 1130 Cho.
1501 1063 1583 1148 176.
1615 1101 1666 1110 —
1701 1051 1927 1152 ᾶπτεροι
2050 1149 2051 1156 .

65 1199 152 1270 ἰδεῖν
178 1197 277 1269 Ειιιιι.
306 1215 366 1287 51.
397 1237 448 1249 -

220 1331 275 1402 Ex
311 1325 537 1404 similitudine
571 1325 700 1399 horum
740 1324 1001 1399 adiectivorum
1040 1325 1128 1398 mira
1169 1351 1277 1420 quam
1312 1326 1345 1398 in
1390 1323 1511 1421 Suppl.
1548 1351 1581 1398 v.
1621 1349 1695 1420 720
1726 1326 1924 1398 invenimus

64 1481 245 1565 structura
279 1463 430 1561 prodiit:
471 1459 598 1558 ἄνδρες
628 1461 721 1533 νᾶίοι
749 1467 972 1555 μελαγχίμοις
1004 1466 1133 1553 γυίοισι
1168 1467 1306 1532 λευκᾶν
1333 1463 1371 1531 ἐκ
1399 1459 1650 1553 πεπλωμάτων
1684 1463 1782 1550 ἰδεῖν,
1820 1461 1925 1557 quasi

63 1599 325 1675 antecessisset
352 1597 583 1672 λευκόπεπλοι
625 1613 678 1694 (ιιι
719 1595 811 1669 Cho.
843 1619 938 1687 1049
973 1595 1103 1668 Furiae
1137 1567 1386 1668 describuntur
1412 1618 1508 1666 voce
1546 1601 1786 1688 φαιοχίτωνες,
1818 1595 1923 1670 Ειιπι.

68 1759 137 1832 375
169 1735 355 1808 Furiarum
396 1733 516 1824 έφοδοι
557 1731 719 1804 dicuntur
745 1737 1019 1827 μελανείμονες.)

222 1867 540 1965 εύπροσώπφ
565 1873 665 1964 κοίτᾳ
692 1865 732 1937 τὸ
759 1873 831 1938 πᾶν
857 1868 943 1937 ἰδεῖν
970 1862 1117 1937 ᾶκούσαι
1142 1869 1348 1961 θρεομένοις
1382 1866 1473 1940 Cho,
1505 1874 1589 1957 969.
1621 1865 1701 1938 situi
1726 1863 1923 1940 lamentan-

64 2004 158 2078 tibus
188 2005 331 2078 omnino
358 2003 434 2075 visu
462 2000 585 2073 auditu
611 2016 728 2098 grato,
756 2007 806 2053 ’-
843 2000 1136 2072 κάλλιστον
1168 1993 1262 2096 ἦμαρ
1294 2002 1435 2072 εἰσιδεῖν
1472 2003 1510 2072 ἐκ
1536 2007 1701 2095 χείματος
1729 2001 1800 2095 Ag.
1836 2025 1920 2093 900.

65 2183 116 2195 —-
156 2142 311 2214 κατιδεῖν
343 2136 606 2241 ἄφραστοι
643 2134 767 2232 Suppl.
804 2160 865 2232 93.
902 2179 952 2189 -
988 2133 1228 2229 φοβερὰν
1260 2131 1344 2227 ᾶφιν
1378 2137 1608 2230 προσιδέσθαι
1640 2136 1740 2209 Pers.
1777 2141 1835 2226 48.
1870 2182 1922 2192 —

66 2277 221 2346 διπλᾶ
248 2270 365 2369 δ’ὁρᾶν
392 2273 492 2368 Sept.
523 2292 609 2365 973.
639 2314 687 2324 -
718 2267 841 2341 ὀλοὰ
870 2266 987 2365 δ’ὃρᾶν
1014 2270 1115 2366 Sept.
1145 2291 1231 2359 994.
1259 2311 1310 2322 --
1339 2269 1551 2355 ἐλεινὸς
1578 2272 1719 2366 εἰσορᾶν
1748 2271 1824 2364 ἐγαλ
1865 2271 1917 2342 Pr.
2054 2249 2055 2264 .

67 2419 149 2500 246.
178 2453 222 2466 —
248 2405 398 2502 ἥδιον
425 2409 565 2502 δρακεῖν
591 2405 665 2503 Ag.
695 2411 782 2478 602.
812 2449 863 2459 -—
891 2403 1043 2476 δεινὰ
1073 2400 1301 2495 δ’ὀφθαλμοίς
1327 2405 1467 2499 δρακεῖν
1493 2405 1594 2478 Eum.
1625 2428 1684 2497 34.
1712 2451 1763 2459 -
2054 2389 2055 2398 ¹

223 2545 350 2642 Itaque
380 2545 425 2618 de
455 2543 577 2617 verbis
616 2539 764 2614 videndi
806 2542 891 2612 ἰδεῖν
930 2538 1103 2612 undecies
1145 2553 1353 2635 usurpatum
1390 2554 1457 2630 est,
1487 2536 1574 2636 ὁρᾶν
1602 2555 1640 2612 et
1667 2544 1805 2636 δρακεῖν
1827 2539 1917 2612 binis

61 2677 166 2768 loeis
194 2681 360 2764 κατιδεῖν,
381 2655 539 2763 εἰσιδεῖν,
566 2677 707 2773 εἰσορᾶν
733 2673 882 2770 singulis
909 2672 1019 2766 iocis3
1057 2699 1129 2746 uno
1162 2675 1320 2771 denique
1354 2677 1440 2747 loco
1475 2676 1590 2749 forma
1616 2677 1781 2749 medialis
1809 2699 1922 2771 προσι-

62 2817 185 2887 δέσθαι
209 2811 354 2911 legitur,
385 2839 480 2910 quae
510 2812 608 2910 apud
636 2812 835 2886 Homerum
863 2813 1069 2908 promiscue
1099 2811 1289 2885 adhibetur
1316 2835 1384 2907 pro
1411 2811 1533 2883 sormis
1562 2811 1699 2886 activis.

217 3005 239 3049 κ
252 3006 275 3049 α
290 2984 309 3048 λ
324 2977 343 3048 ὀ
357 3006 378 3048 ν
406 2973 436 3047 τ’
454 2973 603 3050 ᾶκοῦσαι
628 2983 686 3049 καί
711 2981 825 3070 λέγειν
850 2981 1082 3072 μεθυστέροις
1107 2975 1210 3077 Sept.
1233 2980 1280 3070 58
1291 3003 1317 3048 1.
1334 3020 1382 3030 -
1405 2979 1562 3046 διπλᾶ
1589 2978 1702 3066 λέγειν
1717 2973 1821 3070 Sept.
1841 2996 1886 3068 97
1894 3001 1927 3067 3.

62 3153 110 3168 -n
140 3111 263 3184 ὀλοᾶ
291 3115 405 3205 λέγειν
432 3112 533 3208 Sept.
565 3136 649 3202 994.
679 3156 728 3166 —
758 3112 908 3184 δεινὰ
941 3117 1037 3202 λέξαι
1075 3113 1164 3183 Eum
1201 3136 1258 3204 34.
1296 3156 1344 3164 ·--
1383 3108 1425 3182 ού
1458 3108 1524 3206 γᾶρ
1552 3110 1713 3206 ῥητὸν
1749 3109 1926 3182 αὐδᾶσθαι

61 3249 141 3320 τόδε
175 3248 232 3321 Pr.
271 3256 354 3340 766,
389 3247 447 3319 ubi
482 3246 591 3343 ῥητόν
624 3246 719 3319 idem
755 3245 831 3320 sere
871 3247 1051 3342 significat
1088 3246 1188 3343 quod
1221 3246 1376 3340 θεμιτόν.
1411 3291 1462 3300 -
1490 3249 1682 3348 δίδυμα
1708 3251 1794 3338 γοᾶυ
1822 3244 1925 3319 Pers

63 3393 150 3478 676.
181 3423 230 3437 ·-
257 3387 345 3470 βοᾶν
372 3380 598 3476 φοβερόν
624 3383 747 3478 Suppl.
780 3385 868 3484 890.
897 3427 946 3437 —-
975 3382 1189 3479 αἰσχρὸς
1221 3389 1339 3453 λακεῖν
1370 3380 1445 3474 Ag.
1483 3391 1567 3472 6ι4.
1596 3426 1643 3435 -
1677 3379 1872 3453 ἐσθλὸν
1902 3380 1928 3474 ἦ

68 3518 227 3590 κακὸν
252 3517 373 3588 κλύειν
400 3518 499 3590 PerS.
539 3519 621 3606 248.
651 3560 701 3568 -
738 3513 934 3589 uinctura
968 3517 1088 3588 κλύειν
1117 3520 1194 3611 ἐμοί
1225 3515 1350 3612 Suppl.
1383 3537 1466 3610 277.
1497 3562 1547 3570 —-
1581 3519 1771 3610 μεῖζον
1805 3516 1924 3586 κλύειν

63 3652 136 3748 Ag.
169 3662 252 3726 266.
282 3696 331 3706 —
361 3652 511 3723 δεινὰ
538 3667 613 3735 τοῖς
639 3659 780 3723 τεκοῦσι
806 3659 992 3746 φροντίσαι
1020 3654 1117 3724 Pers.
1158 3674 1242 3744 245.
1281 3695 1332 3706 -—
1366 3649 1739 3743 εύξύμβουλον
1778 3651 1922 3738 δοξάσαι

66 3787 155 3860 Cho.
190 3809 269 3882 170.
298 3830 347 3840 --

220 3923 371 4024 Praeter
396 3918 466 3993 hos
495 3916 623 3992 solitos
650 3918 840 3993 infinitivus
868 3918 966 4018 apud
992 3919 1220 4018 Aeschylum
1247 3919 1283 3996 hi
1309 3913 1551 3998 inveniuntur:

221 4054 367 4146 εύβατος
392 4063 558 4151 περᾶν
585 4055 642 4127 Pr.
675 4059 758 4148 718.
788 4099 837 4111 -—
863 4056 1089 4148 πάσχειν
1117 4055 1277 4150 ᾶλγεινύς
1302 4061 1355 4130 Pr.
1389 4062 1472 4151 238.
1502 4105 1551 4110 —
1590 4061 1748 4151 ἐμπέδοις
1782 4057 1917 4148 έχειν

64 4189 168 4266 Eum·
201 4212 287 4285 335·
1282 4275 1284 4280 ,

125 4391 129 4402 .
217 4325 307 4398 καλὰ
338 4330 676 4421 καρποῦσθαι
711 4325 784 4422 Ag.
824 4335 909 4398 621.
947 4323 1048 4423 quod
1084 4328 1235 4400 alterum
1271 4344 1329 4401 est
1366 4326 1570 4428 exemplum
1606 4328 1737 4424 passivi
1767 4325 1925 4402 infinitivi

61 4456 232 4564 (aiterum
269 4461 323 4532 Pr.
364 4487 395 4533 v.
440 4470 513 4554 766
550 4487 658 4558 supra
713 4458 857 4534 allatum
899 4465 979 4556 est).
1034 4461 1074 4546 In
1104 4463 1237 4535 ceteris
1276 4464 1371 4536 enim
1408 4462 1586 4538 eiusmodi
1627 4462 1717 4536 locis
1756 4464 1920 4537 omnibns

63 4597 264 4671 infinitivum
293 4595 401 4668 activi
429 4594 639 4694 reperimus
666 4623 738 4670 uno
767 4593 863 4686 loeo,
891 4596 993 4670 Pers.
1025 4601 1085 4688 48,
1114 4597 1316 4672 infinitivum
1346 4600 1456 4672 medii
1483 4603 1719 4694 προσιδέσθαι.

220 4758 291 4832 Alii
319 4758 465 4856 quidem
493 4761 690 4856 scriptores
718 4761 824 4833 valde
858 4757 1068 4856 frequentes
1102 4777 1185 4833 sunt
1216 4760 1253 4833 in
1285 4787 1331 4834 eo
1363 4785 1503 4858 genere
1537 4761 1693 4852 dicendi,
1721 4779 1760 4836 ut
1784 4761 1919 4836 infiniti-

62 4917 143 4968 vum
171 4895 304 4992 passivi
330 4894 425 4968 hun'c
461 4895 496 4968 in
529 4896 676 4968 modum
711 4895 908 4969 adhibeant
939 4895 1123 4991 etiamque
1159 4893 1266 4967 activi
1301 4910 1339 4968 et
1372 4884 1509 4990 passivi
1540 4897 1727 4970 infinitivus
1756 4897 1920 4994 proxime

63 5029 155 5102 inter
183 5057 224 5103 se
253 5029 473 5128 coniungant
496 5031 597 5102 velut
627 5032 708 5102 Eur.
738 5030 867 5102 Bacch.
911 5052 1004 5123 1077
1035 5056 1101 5129 sq.,
1130 5030 1190 5101 ubi
1218 5030 1350 5102 chorus
1383 5031 1586 5126 Dionysum
1614 5034 1664 5105 ita
1692 5029 1916 5128 adloquitur:

63 5164 199 5258 φάνηθι
225 5172 354 5260 ταῦρος
379 5162 402 5256 ἢ
427 5164 645 5260 πολύκρανος
671 5165 757 5236 ἰδεῖν
785 5165 926 5259 δρᾶκων
951 5163 975 5258 ἢ
1001 5167 1228 5262 πυριφλέγων
1255 5161 1405 5259 ὁρᾶσθαι
1432 5170 1533 5238 λέων.
