4138 5758
1082 246 1122 298 21

173 499 240 546 nos
278 469 325 556 οις
358 469 389 541 si
420 492 544 541 veram
575 466 626 538 rei
661 465 837 536 rationem
870 463 1058 558 exigamus
1093 469 1301 541 adverbium
1334 451 1555 563 pronominis
1591 448 1729 523 relativi
1756 471 1841 521 8880
1869 461 1906 518 et
1934 443 1965 539 Pl

175 633 255 680 cum
287 621 415 678 nostro
451 601 563 674 ›wie‹
600 624 811 694 congruere,
844 602 946 696 quod
977 599 1063 674 item
1103 603 1352 676 revocandum
1392 615 1451 674 est
1482 596 1530 670 ad
1571 595 1723 667 sormam
1754 582 1957 662 relativam,

173 768 218 814 ex
252 739 436 815 veteribus
476 733 644 808 concludi
679 752 806 832 potest
838 735 962 810 sormis
982 763 1098 824 »we0,
1124 740 1250 827 hweo,
1272 738 1439 811 hvaiva.«
1471 729 1659 825 Quocirca
1690 721 1919 801 enuntiatum,
1936 742 1970 811 qr

171 891 297 949 exstat
322 874 358 946 in
385 873 458 946 Od.
486 874 520 956 θ,
551 896 592 943 21
620 878 679 943 καί
702 898 764 964 μιν
788 873 1007 968 μακρότεραι
1041 919 1089 927 -
1119 879 1229 968 θῆκεν
1262 874 1407 956 ἰδέσθαι,
1442 863 1492 952 ὥς
1517 893 1578 938 κεν
1613 861 1802 954 Φαιήκεσσι
1827 862 1973 947 φίλοςπ

169 1033 273 1083 τεσσι
298 1013 446 1102 γένοιτο,
472 1007 546 1079 hoc
574 1007 650 1079 fere
676 1006 804 1078 modo·
821 1004 1093 1081 dissolvendum
1127 981 1239 1105 atque
1273 1004 1520 1080 illustrandum
1552 999 1657 1074 nobis
1685 1013 1759 1070 est:
1795 989 1975 1089 procerior

131 1225 133 1230 ,
172 1171 258 1220 eum
291 1144 391 1227 lecit,
429 1142 523 1215 hunc
556 1142 591 1212 in
630 1138 777 1214 modum
820 1122 1175 1238 (quemadmodum):
1218 1141 1443 1215 Phaeacibus
1484 1135 1647 1210 omnibus
1688 1113 1848 1205 adamari
1882 1142 1978 1223 pote

177 1279 320 1372 Quodsi
355 1272 451 1350 ὥστε
483 1272 770 1372 contemplamur
804 1274 891 1372 quid
924 1278 1020 1350 aliud
1055 1294 1114 1351 est
1145 1278 1211 1350 nisi
1244 1275 1329 1350 illud
1362 1269 1413 1360 uic
1447 1271 1594 1346 adiecta
1628 1260 1761 1339 vocula
1798 1250 1965 1328 encllfica

180 1439 251 1510 qua
282 1412 468 1486 relativum
504 1407 554 1495 ὡς
586 1434 667 1482 cum
707 1410 828 1483 verbis
868 1411 1169 1485 antecedentibus
1211 1408 1403 1510 colligetur
1464 1406 1576 1480 etita
1619 1395 1784 1497 quidem?
1839 1389 1907 1462 His
1942 1386 1983 1483 ig:

179 1549 362 1621 adverbiis
386 1548 462 1620 sive
503 1545 813 1618 coniunctionibus
831 1591 832 1596 κ
849 1545 932 1619 nihil
973 1543 1068 1620 aliud
1107 1548 1155 1632 fit,
1196 1548 1262 1620 nisi
1304 1563 1343 1620 ut
1383 1567 1518 1617 novum
1554 1535 1689 1633 aliquid
1721 1529 1825 1626 sequi
1853 1524 1985 1598 indicet

181 1681 405 1757 constructio
438 1682 520 1776 ipsa
555 1704 787 1776 nequaquam
825 1697 980 1754 mutatur
1021 1698 1059 1755 et
1091 1679 1190 1755 solus
1230 1681 1417 1755 infinitivus
1449 1695 1488 1750 ut
1528 1702 1573 1748 ex
1613 1667 1723 1744 dativi
1763 1679 1891 1768 natura
1934 1675 1972 1730 et

185 1817 422 1890 consecutiva
467 1813 636 1910 explicari
682 1831 839 1910 poterat,
886 1816 937 1888 ita
983 1819 1092 1889 etiam
1137 1817 1323 1890 infinitivus
1369 1829 1496 1912 potest
1550 1823 1639 1905 post
1684 1794 1864 1874 vocabula
1914 1790 1964 1877 ὡς

184 1949 286 2026 ὥστε.
344 1952 446 2023 Hanc
480 1974 587 2046 quam
621 1952 752 2046 protuli
790 1953 1007 2026 sententiam
1041 1953 1197 2024 eandem
1230 1950 1457 2046 amplectitur
1492 1941 1699 2038 Herzogius
1729 1934 1752 2009 l.
1779 1932 1799 2006 l.
1828 1958 1864 2028 p.
1907 1948 1993 2019 17‚‘·

185 2091 230 2160 de
266 2087 410 2159 duobus
438 2110 531 2180 quos
567 2087 925 2159 commemoravimus
949 2089 1048 2182 apud
1080 2071 1277 2159 Homerum
1310 2083 1490 2158 infinitivis
1523 2093 1609 2176 post
1635 2071 1728 2147 ὥστε
1754 2071 1804 2144 ita
1831 2062 1996 2160 exposuit

180 2222 257 2294 hier
286 2222 334 2294 ist
374 2215 469 2292 diors
504 2219 571 2291 wie
603 2237 708 2293 sonst
756 2222 815 2293 bei
854 2222 994 2295 Homer
1028 2218 1476 2319 Vergleichungspartikel
1528 2214 1600 2287 und
1641 2211 1785 2281 νέεσθαι
1819 2193 1998 2273 unmittell

179 2384 220 2429 zu
248 2360 444 2440 ἐπέσσυται,
471 2356 639 2426 πιθέσθαι
665 2382 708 2427 zu
736 2363 877 2449 τηλίκος
902 2357 1060 2451 siptm's
1088 2353 1322 2428 Verhaltniss
1343 2381 1386 2426 zu
1413 2366 1572 2425 setzen.‹

341 2461 429 2533 Post
456 2460 657 2534 Homerum
684 2479 805 2534 autem
832 2460 890 2535 ille
923 2489 1007 2535 usus
1042 2461 1156 2558 longe
1186 2464 1333 2557 lateque
1365 2457 1579 2532 diffunditur
1636 2448 1712 2523 Sed
1739 2462 1813 2517 tum
1840 2439 1985 2514 modo
1976 2464 2002 2508 ιι

186 2598 317 2669 nitivus
344 2598 378 2667 in
404 2622 504 2669 usum
531 2611 695 2685 vocatur,
725 2620 805 2668 cum
833 2598 1013 2670 artissime
1050 2600 1165 2670 altera
1197 2621 1277 2670 cum
1311 2594 1427 2668 altera
1460 2588 1708 2666 enuntiatione
1744 2574 1952 2674 copulanda
1983 2597 2005 2642 e

184 2749 221 2803 ut
237 2755 333 2826 quae
348 2747 546 2826 sequantur
560 2730 779 2828 subiungant
781 2758 821 2802 ur
835 2733 955 2828 potius
972 2757 1079 2828 quam
1095 2732 1343 2828 adiungantur
1373 2731 1471 2802 Ante
1495 2725 1725 2799 indicativum
1738 2742 1827 2790 vero
1842 2711 2009 2810 Aeschyl

184 2867 276 2938 hanc
299 2869 420 2960 legem
440 2866 615 2938 sibimet
607 2891 685 2960 lpse
707 2866 886 2962 imposuit,
907 2882 946 2939 ut
962 2892 1110 2962 semper
1132 2863 1191 2951 ὡς,
1216 2889 1396 2960 nunquam
1418 2857 1512 2970 σισιε
1533 2874 1693 2954 usurpet,
1717 2877 1798 2926 cum
1814 2849 1861 2922 ab
1877 2844 1953 2919 aliis
1969 2845 2012 2974 sd

182 3000 351 3096 ptoribus
377 3000 448 3071 hae
471 2997 668 3095 particulae
693 3001 904 3095 promiscue
925 3001 1174 3073 adhibeantur
1205 2997 1261 3085 Ὡς
1287 3001 1432 3095 quidem
1454 2995 1728 3069 consecutivum
1750 3011 1830 3060 cum
1855 2964 2014 3073 indicatii

185 3134 333 3208 omnino
357 3133 606 3208 consociatum
629 3150 687 3208 est
705 3135 832 3231 paucis
852 3151 989 3210 tantum
1012 3133 1114 3222 locis,
1131 3160 1223 3230 quos
1237 3133 1443 3206 Wellauer
1434 3158 1471 3204 m
1484 3128 1603 3202 lexico
1618 3120 1831 3218 Aeschyleo
1848 3113 2016 3209 exscrips

193 3293 341 3364 quorum
366 3284 467 3340 certe
489 3295 577 3340 unus
600 3295 646 3342 ne
666 3288 725 3342 est
744 3268 918 3366 quidem
909 3295 946 3343 m
958 3272 1028 3343 hoc
1044 3270 1173 3344 ordine
1201 3268 1426 3343 referendus.
1465 3266 1559 3338 Nam
1574 3261 1715 3336 etiamsi
1729 3283 1836 3332 uuum
1850 3252 1969 3326 locum
1982 3221 2018 3324 hi

190 3427 354 3474 revocari
364 3427 480 3497 posse
497 3405 733 3477 concedimus
760 3406 875 3498 (Pers
895 3412 967 3496 726
984 3406 1041 3478 ed.
1061 3401 1216 3479 Dind‘
1189 3433 1239 3490 αις
1253 3408 1340 3475 ἰδεῖν
1355 3406 1455 3486 τέλος
1468 3402 1569 3496 κτλ.,)
1585 3415 1706 3471 tamen
1722 3393 1811 3467 alius
1827 3414 1934 3496 quem
1949 3385 2002 3458 aff

190 3536 296 3608 locus
322 3562 396 3610 non
422 3539 489 3610 sub
517 3540 565 3610 Vl
591 3537 711 3640 (mem
738 3540 957 3635 significans,
985 3566 1081 3636 quae
1108 3511 1163 3613 ex
1189 3537 1305 3612 altera
1338 3537 1508 3631 sequitur,
1535 3534 1597 3621 ita,
1626 3528 1709 3632 ute)
1735 3528 1803 3601 sed
1829 3525 1896 3598 sub
1923 3521 1937 3592 Ι
1967 3525 1998 3616 ι’»

193 3670 542 3767 quemadmodum)
573 3677 837 3749 enumerandus
870 3692 967 3749 erat:
1002 3675 1075 3770 Ag.
1114 3699 1186 3767 319
1214 3674 1340 3766 λόγους
1371 3668 1521 3742 οἰκοῦσαι
1546 3709 1596 3721 -
1619 3661 1751 3757 θέλοιμ’
1777 3659 1833 3746 ἂν,
1859 3655 1909 3743 αις
1936 3659 2014 3748 λέγε

194 3804 391 3889 multinubi
418 3806 629 3882 Dindorfius
656 3836 724 3907 pro
751 3808 1027 3907 delegandum
1056 3835 1140 3883 esse
1160 3824 1290 3882 censet
1313 3802 1384 3891 οὕς.
1438 3804 1476 3877 In
1502 3801 1646 3900 reliquis
1673 3814 1795 3871 autem
1820 3791 1912 3866 locis
1940 3787 2026 3890 (Per

196 3957 290 4029 7303
314 3939 430 4014 Psom·
465 3948 547 4035 156.
577 3943 649 4041 Ag.
681 3947 744 4037 38)
771 3945 989 4019 indicativus
1023 3945 1155 4018 eadem
1188 3946 1236 4016 de
1270 3967 1383 4015 causa
1414 3939 1557 4035 positus
1584 3952 1653 4025 est,
1681 3959 1755 4030 qua
1786 3928 1874 4003 alias
1900 3925 2027 4023 ponitu

191 4087 229 4143 ut
256 4089 426 4167 quantum
453 4079 574 4172 possit
598 4082 749 4176 propria
779 4106 845 4154 sua
880 4081 914 4154 vi
949 4080 1170 4154 enuntiatum
1201 4076 1304 4175 quasi
1338 4076 1470 4147 nitatur
1505 4089 1617 4167 atque
1649 4085 1689 4142 ut
1714 4064 1830 4140 altera
1845 4041 1944 4160 'pars
1971 4086 2026 4133 ear

194 4207 275 4279 dem
304 4208 519 4306 dignitatem
544 4214 693 4300 habeat,
721 4242 829 4311 quam
856 4216 970 4289 habet
997 4214 1121 4288 altera.
1178 4211 1303 4306 Quare
1338 4207 1515 4282 eiusmodi
1542 4204 1764 4279 enuntiatum
1790 4200 1826 4271 in
1852 4220 2026 4270 sermone:

194 4340 358 4415 Latinum
399 4343 431 4415 si
467 4349 666 4422 transferre
706 4352 877 4434 volemus,
920 4376 965 4422 ex
1004 4374 1075 4421 uno
1118 4348 1191 4420 duo
1234 4347 1356 4418 lacere
1396 4340 1606 4440 praestabit,
1640 4355 1680 4410 ut
1723 4335 1891 4409 distincte
1924 4345 1962 4402 et
1992 4355 2026 4400 st

192 4477 298 4571 quasi
323 4479 489 4572 pondere
513 4484 613 4579 quod
641 4486 803 4581 sequitur
829 4485 978 4558 eniteat.

352 4605 479 4679 Utrum
505 4633 594 4680 vero
635 4609 751 4682 nudus
783 4609 974 4683 infinitivus
1008 4607 1237 4681 adhibendus
1270 4632 1317 4678 an
1351 4600 1401 4688 ὡς
1436 4603 1469 4674 ei
1495 4598 1706 4674 addendum
1737 4595 1784 4668 sit
1809 4590 1957 4666 decerni
1986 4614 2025 4661 nc

190 4755 336 4834 potest3
378 4741 452 4814 hoc
483 4741 602 4816 solum
636 4743 760 4817 dicere
795 4741 881 4817 licet
913 4742 1088 4840 particula
1126 4742 1296 4838 apposita
1330 4755 1486 4811 mentem
1527 4737 1575 4807 ad
1612 4734 1649 4806 id
1682 4729 1784 4827 quod
1817 4741 2025 4820 consequatv

192 4877 312 4971 magis
351 4877 457 4974 dirigi
493 4903 538 4952 ac
570 4879 795 4976 praeparari.
852 4878 951 4951 Vere
985 4878 1060 4951 hoc
1094 4878 1228 4950 dictum
1262 4899 1347 4960 esse
1379 4889 1419 4946 ut
1452 4885 1698 4966 cognoscatur
1722 4864 1815 4937 haec
1840 4863 1874 4933 in
1902 4858 2025 4932 mediu

192 5011 343 5105 profero
361 5012 548 5111 exempla:
566 5013 640 5110 Ag.
658 5017 744 5104 482.
760 5021 814 5099 τίς
829 5005 900 5086 uide
913 5013 1061 5097 παιδνὸς
1076 5010 1099 5104 ὴ
1124 5017 1268 5107 operuit)
1303 5010 1517 5100 κεκομμένος
1541 5011 1545 5105 ι
1570 5002 1699 5095 φλογὸς
1724 4999 2007 5095 παραγγέλμασιν

193 5162 288 5231 vente
325 5153 543 5245 πυρωθέντα
582 5151 729 5244 καρδίαν
756 5146 862 5220 ἔπειτ’
888 5145 894 5252 ι
918 5145 1052 5244 ἀλλαγᾷ
1093 5146 1197 5242 λόγου
1224 5159 1368 5237 καικίας
1409 5141 1494 5232 Quo
1523 5163 1604 5214 cum
1634 5139 1718 5212 loco
1750 5127 2025 5207 conseranturh
