4138 5758
1095 325 1135 394 35

176 525 424 619 μόσαγμα
450 521 578 618 Suppl.
609 543 695 614 995.
725 567 775 582 «-
804 525 932 593 θεοῦ
958 525 1216 615 μέγιστον
1243 527 1414 618 δῶρον
1441 523 1514 617 ag.
1541 541 1632 612 9¹27.
1662 567 1713 578 -
1741 523 1871 616 πρὸς
1907 549 2014 614 γυνα

177 659 268 743 κός
295 663 445 730 ἐστιν
472 658 544 754 ng.
580 662 688 748 1636.
727 703 778 710 --
809 631 1132 751 παροίχεται
1164 657 1238 754 Ag.
1274 664 1359 749 569.
1391 664 1597 751 παροίχεται
1630 657 1748 742 πόνος,
1781 663 1985 750 παροίχεται
2014 690 2017 728 ι

181 811 270 866 τοῖσι
296 797 362 885 μὲν
389 791 600 885 τεθνηκόσιν
626 791 667 862 τὸ
692 789 819 884 μήποτ’
847 785 953 876 αὖθις
977 789 1058 884 μηδ’
1085 790 1282 883 ἀναστῆναι
1309 796 1447 884 με’λειν;
1478 791 1626 894 mortuis
1645 817 1691 864 ne
1712 789 1885 886 surgendi
1905 789 2013 884 quide

177 928 334 1000 officium
362 927 468 998 ‘cordi
502 941 642 998 est—
680 951 759 997 cum
793 925 841 1018 μή
877 924 1143 1020 adiectumsit
1177 941 1331 1021 propter
1371 927 1583 1020 negativam
1627 951 1727 1020 quae
1755 925 1866 998 inest·
1889 924 1924 996 in
1957 948 2017 996 vo<

177 1069 380 1157 παροίχεται
405 1061 606 1134 notionem.
626 1061 679 1132 cf.
708 1061 835 1157 Enger
862 1060 910 1132 ad
930 1087 967 1131 v.
1001 1082 1085 1152 552.

338 1215 409 1318 Qui
449 1221 575 1318 reliqui
615 1241 698 1296 sunt
738 1198 809 1296 loci
837 1223 1160 1296 accusativum
1189 1223 1323 1294 articuli
1352 1222 1537 1294 exhibent:
1570 1217 1893 1315 rt'poicoSuppl.
1942 1244 2005 1291 101

184 1361 312 1455 (τιμόιο
338 1360 412 1430 hoc
439 1383 510 1428 uno
543 1354 636 1444 loco,
673 1350 755 1430 alibi
783 1362 886 1445 σέβοι,
914 1365 1049 1454 προτίοι
1087 1357 1135 1428 ad
1166 1358 1258 1430 hanc
1291 1357 1509 1430 sententiam
1536 1355 1810 1452 significandam
1835 1351 2017 1427 adhibetu

181 1539 228 1548 -
257 1493 538 1587 φάρμακον
565 1496 634 1586 ἔχοι
661 1493 734 1587 Ag.
764 1497 850 1584 548.
879 1540 928 1546 -
956 1501 1158 1587 προτίσι
1186 1492 1259 1586 Ag.
1299 1495 1383 1582 788,
1418 1535 1467 1544 -«
1496 1495 1629 1578 σε’βιο
1656 1491 1876 1580 Eum.=74·9.
1906 1536 1953 1544 -—·
1983 1495 2017 1560 ὲι

176 1627 506 1722 βόζομαιΑξ.
550 1627 1170 1724 498.-ε’κμαρτυρεάι“Αξ.
1219 1633 1325 1717 1196.
1374 1671 1423 1680 —
1465 1626 1698 1718 τλόομαι
1734 1625 1807 1722 Ag.
1858 1649 1965 1714 1290.
2001 1672 2017 1678 -

176 1761 454 1855 γιγυιόσκιο
484 1761 556 1859 ng.
591 1783 699 1854 1425.
728 1807 779 1815 -
806 1763 904 1834 οίόα
930 1763 1034 1835 Eum.
1067 1765 1126 1854 85.
1155 1807 1206 1816 κ-
1232 1760 1487 1856 μανίίοίνιο
1515 1763 1618 1833 Eum.
1649 1764 1707 1832 86.
1737 1806 1787 1815 -
1815 1760 2017 1853 όνόχομι

181 1898 280 1969 Eum.
310 1918 397 1989 915.

336 2060 633 2154 Praepositiones
662 2078 785 2132 autem
813 2059 905 2148 duas
933 2075 1016 2132 ante
1045 2060 1202 2139 infinitivi
1231 2061 1478 2134 accusativum
1508 2060 1729 2155 reperimus:

336 2195 464 2290 πρός
491 2195 580 2266 Cho.
611 2214 698 2287 417.
728 2196 816 2291 πρὸς
842 2195 883 2268 τὸ
910 2200 1102 2287 φανεῖσθαί
1127 2224 1189 2290 μοι
1215 2203 1342 2281 καλῶς.

337 2330 470 2426 παρά
500 2330 589 2402 Cho.
611 2354 685 2422 959
715 2338 896 2426 κρατεῖταί
920 2358 997 2414 πιος
1023 2331 1064 2401 τὸ
1091 2335 1189 2402 θεῖον
1216 2331 1311 2427 παρὰ
1341 2331 1380 2402 τὸ
1408 2331 1456 2424 μὴ
1482 2327 1674 2425 ὑπουργεῖν
1701 2347 1829 2414 κακοῖς.
1875 2329 2017 2401 Attame

51 2519 52 2554 r
176 2467 273 2537 hanc
301 2481 516 2537 structuram
543 2466 621 2537 veri
650 2464 820 2538 dissimile
843 2476 926 2537 'non
954 2482 1012 2536 est
1040 2492 1086 2537 ex
1113 2464 1339 2562 glossemate
1368 2467 1401 2538 in
1430 2480 1567 2538 textum
1595 2465 1800 2561 irrepsisse.

337 2629 566 2700 immanentis
594 2629 732 2700 obiecti
762 2629 822 2724 qui
851 2655 872 2700 a
900 2629 1148 2726 grammaticis
1178 2628 1304 2702 dicitur
1332 2629 1558 2702 accusativus
1588 2655 1610 2700 a
1639 2627 1771 2699 ceteris
1791 2627 1916 2722 poetis
1936 2653 2017 2698 scen

176 2765 229 2835 cis
258 2763 407 2858 saepius
435 2764 584 2834 articulo
612 2778 650 2834 et
676 2762 845 2833 infinitivo
860 2762 1080 2859 significatur
1105 2765 1204 2836 velut
1230 2792 1252 2835 a
1279 2763 1464 2860 Sophocle
1495 2765 1541 2837 Ο.
1570 2764 1614 2837 R.
1651 2768 1760 2852 1416,
1790 2762 1877 2836 Ant.
1907 2783 1966 2851 71,
1999 2789 2017 2834 a

51 2923 52 2934 ¹
176 2900 261 2969 Eur.
291 2898 382 2970 Hec.
416 2903 502 2988 356.
560 2897 620 2969 Ab
648 2896 840 2992 Aeschylo
879 2896 997 2970 semel
1024 2899 1116 2970 hunc
1145 2899 1180 2970 in
1207 2901 1355 2971 modum
1383 2899 1572 2971 infinitivus
1605 2913 1800 2992 usurpatus
1829 2911 1902 2968 est:
1940 2898 2017 2968 Eun

179 3037 200 3100 6
206 3053 264 3122 52,
294 3031 354 3102 ubi
381 3031 566 3104 Furiarum
596 3032 728 3103 chorus
757 3031 813 3103 his
840 3033 962 3104 verbis
991 3033 1024 3104 in
1050 3030 1259 3128 Apollinem
1286 3033 1482 3105 invehitur:
1509 3039 1586 3118 πῶς
1611 3031 1678 3126 γὰρ
1710 3031 1750 3101 τὸ
1773 3029 1923 3123 Ιφεύγειν
1950 3038 2015 3101 τοῦ

179 3163 375 3260 ὑπερδικεῖς
401 3160 466 3260 όρα
491 3167 574 3238 vide
604 3166 797 3263 quomodo
828 3168 929 3261 quod
956 3166 1003 3237 ad
1034 3169 1249 3240 evasionem
1278 3169 1408 3240 attinet
1433 3167 1526 3240 hunc
1556 3160 1748 3239 delendas,
1776 3253 1779 3262 .

336 3330 500 3424 Itemque
530 3330 571 3401 iis
598 3330 688 3402 locis
718 3330 963 3401 accusativum
995 3330 1184 3418 habemus,
1223 3332 1352 3427 quibus
1386 3331 1472 3427 quid
1506 3358 1551 3403 ex
1585 3328 1765 3402 sententia
1802 3326 2017 3400 antecedent

180 3479 424 3556 consequatur
452 3463 641 3535 vocabulis
671 3465 712 3535 τὸ
739 3465 787 3556 μή
815 3480 852 3536 et
878 3465 1050 3537 infinitivo
1081 3467 1283 3560 exponitur.
1335 3466 1440 3539 Hanc
1469 3466 1563 3537 enim
1592 3480 1809 3537 structuram
1836 3463 1905 3534 iam
1934 3487 2017 3556 supr

180 3595 367 3668 docuimus
400 3599 604 3692 promiscue
640 3625 708 3694 pro
748 3599 846 3670 nudo
880 3599 1048 3671 infinitivo
1087 3601 1333 3696 epexegetico
1366 3601 1441 3672 sive
1475 3624 1544 3697 pro
1580 3596 1638 3684 ὡς,
1672 3595 1765 3670 ὥστε
1799 3612 1837 3669 et
1873 3595 2017 3669 infinitiv

182 3731 342 3825 usurpari
379 3731 422 3803 cs.
453 3732 500 3805 A.
536 3733 712 3804 Matthiae
740 3737 762 3828 ξ
800 3751 902 3825 5432·
937 3733 994 3804 »in
1028 3731 1121 3807 allen
1155 3735 1283 3808 diesen
1317 3733 1442 3808 F'allen
1474 3725 1608 3806 konnte
1645 3730 1736 3805 auch
1771 3727 1864 3802 ὥστε
1890 3746 2017 3803 ειεῖίι

179 3862 338 3940 stehen.<‹
356 3869 397 3962 ¹²)

336 4029 390 4102 Pr.
423 4055 440 4100 2
448 4035 495 4121 36
523 4030 743 4124 ἐξελυσάμην
768 4032 919 4126 βροτοὺς
946 4033 987 4105 τὸ
1012 4033 1060 4126 μὴ
1089 4035 1381 4128 διαρραισθέντας
1417 4036 1466 4116 είς
1491 4029 1601 4103 [talou
1627 4039 1749 4123 μολεῖν
1786 4030 1930 4100 servavi
1965 4053 2014 4123 eg

386 4165 552 4238 homines
582 4192 628 4238 ne
665 4166 737 4238 iam
769 4167 817 4238 ad
844 4167 982 4239 inferos
1011 4149 1249 4240 descendant.
1630 4165 1632 4170 ’

330 4301 417 4372 Ibid.
450 4305 523 4372 866
552 4308 636 4394 μίαν
671 4303 709 4371 di
739 4303 878 4373 παίδων
913 4304 1032 4397 ἵμερος
1067 4306 1183 4391 θέλξει
1218 4301 1260 4373 τὸ
1289 4301 1338 4395 μὴ
1369 4317 1503 4372 κτεῖναι
1535 4299 1714 4372 σύνευνον
1750 4323 1855 4373 unam
1894 4297 2017 4370 filiarur

385 4435 606 4508 desiderium
635 4433 877 4532 permulcebit
905 4461 950 4508 ne
979 4437 1172 4534 coniugem
1200 4436 1398 4509 interficiat.

332 4569 430 4640 Pers.
463 4593 530 4660 291
556 4558 776 4668 'lucapello
801 4571 868 4666 γὰρ
894 4567 957 4664 ἥδε
983 4570 1148 4666 συμφορὰ
1176 4571 1217 4643 τὸ
1242 4571 1332 4664 μήτε
1358 4574 1457 4659 λέξαι
1481 4567 1560 4663 μητ’
1594 4572 1770 4664 ἐρωτῆσαι
1802 4568 1901 4661 πάθη
1936 4569 2017 4640 nimi

384 4718 443 4774 est
470 4703 562 4775 enim
587 4707 679 4780 haec
708 4705 905 4795 calamitas,
936 4721 974 4778 ut
999 4732 1120 4802 neque
1140 4707 1278 4780 narrari
1297 4731 1417 4801 neque
1436 4703 1715 4800 percontatione
1736 4704 1887 4799 reperiri
1913 4703 2017 4798 possi

331 4836 404 4932 ng.
441 4857 482 4928 15
514 4838 623 4927 φόβος
650 4857 870 4937 παραστατεῖ
893 4841 934 4913 τὸ
961 4842 1009 4935 μὴ
1037 4847 1187 4929 βεβαίως
1213 4845 1371 4936 βλέφαρα
1397 4846 1589 4933 συμβαλεῖν
1615 4833 1727 4932 ὕπνῳ,
1755 4838 1883 4933 quibus
1918 4839 2017 4910 verbi

174 5043 591 5055 .—-.-.......-„.....—...,

270 5161 272 5164 ·
304 5128 341 5214 ¹¹)
387 5133 428 5196 Α.
454 5130 620 5213 Matthiae,
645 5138 857 5205 ausfuhrliche
880 5142 1077 5224 griechische
1098 5141 1309 5207 Grammatik.
1356 5142 1405 5207 ed.
1430 5142 1482 5204 III.
1508 5140 1596 5224 Lips.
1625 5141 1717 5218 1835.

1802 5259 1836 5328 5*
