4138 5758
916 329 939 392 6

209 551 233 645 ξ
264 547 301 623 2.
362 550 474 646 Quae
501 550 694 647 infinitivi
712 553 861 622 formae
887 550 928 621 in
954 550 1139 645 Aeschyli
1167 550 1311 623 fabulis
1336 549 1595 623 inveniantur.

204 744 277 814 lam
304 767 393 814 vero
420 742 630 837 priusquam
661 741 709 813 ad
737 742 831 815 hanc
858 742 1084 838 quaestionis
1111 760 1255 836 partem
1281 745 1564 841 progrediamur
1590 769 1635 816 ne
1664 744 1744 838 quis
1772 743 1867 818 sorte

14 875 151 966 uretur,
177 877 207 948 si
232 877 447 972 posterioris
466 859 596 950 aetatis
623 877 659 949 in
685 877 862 951 infinitivis
889 877 1089 953 formandis
1122 878 1390 976 simplicitatem
1414 896 1453 953 et
1479 879 1586 974 quasi
1612 879 1868 975 parsimoniam

16 1038 74 1085 um
102 1013 288 1085 Homerici
315 1013 492 1086 sermonis
519 1015 688 1087 ubertate
718 1014 987 1109 comparaverit
1015 1039 1108 1110 opus
1136 1032 1193 1088 est
1227 1015 1376 1112 digitum
1409 1014 1597 1087 intendere
1624 1013 1656 1088 in
1687 1039 1769 1087 eam
1797 1014 1866 1087 for-

14 1174 129 1218 iarum
155 1151 473 1245 grammaticarum
500 1149 630 1245 legem,
661 1175 778 1245 quam,
807 1150 909 1243 quod
933 1149 1106 1244 equidem
1142 1150 1265 1225 sciam.
1300 1150 1334 1222 in
1366 1150 1521 1222 omnium
1548 1149 1711 1246 gentium
1736 1149 1867 1247 linguis

14 1283 181 1356 emimus.
238 1283 427 1381 Tempore
456 1285 550 1358 enim
576 1286 802 1380 procedente
830 1308 901 1355 non
927 1299 966 1355 ut
994 1301 1094 1356 artes
1121 1283 1276 1374 litterae,
1306 1285 1462 1358 scientia
1489 1283 1658 1357 doctrina
1686 1302 1867 1369 crescunt,

14 1417 45 1489 ic
73 1423 181 1494 etiam
207 1447 376 1493 numerus
403 1421 599 1493 formarum
626 1435 791 1516 augetur,
820 1444 971 1515 quarum
1003 1419 1169 1518 indigent
1194 1420 1242 1494 ad
1269 1419 1481 1517 effingenda
1508 1435 1547 1492 et
1573 1420 1785 1492 exornanda
1811 1447 1866 1505 ea,

14 1583 87 1650 uae
117 1557 330 1654 excogitata
359 1572 396 1628 et
413 1555 556 1627 inventa
585 1569 675 1637 sunt,
703 1554 771 1626 sed
798 1581 819 1626 e
847 1555 1029 1626 contrario
1044 1555 1170 1627 mirum
1189 1555 1223 1627 in
1251 1555 1397 1627 modum
1424 1554 1644 1628 imminuitur.
1700 1556 1868 1630 Existunt

14 1692 139 1786 quidem
180 1690 249 1764 alia
275 1691 447 1773 subsidia,
489 1689 558 1763 sed
593 1691 704 1786 ipsius
732 1687 877 1785 linguae
918 1691 1055 1762 formae
1097 1715 1170 1784 quo
1200 1689 1375 1763 remotius
1402 1704 1547 1785 tempus
1577 1707 1633 1764 est
1657 1716 1703 1764 eo
1729 1691 1865 1788 plenio-

14 1853 51 1898 es
93 1842 129 1898 et
169 1826 290 1921 plures
332 1826 499 1899 videntur
540 1852 620 1898 esse
664 1841 701 1898 et
728 1851 801 1921 quo
843 1823 984 1919 longius
1025 1842 1169 1919 tempus
1197 1825 1364 1920 procedit
1390 1849 1436 1896 eo
1462 1823 1700 1920 simpliciores
1728 1827 1803 1900 fieri
1830 1846 1868 1900 et

15 1963 159 2034 bertate
194 1961 381 2055 superiore
416 1960 571 2032 destitui.
627 1963 778 2043 Intuere,
813 1984 966 2055 quaeSO,
999 1976 1159 2032 nostram
1190 1961 1350 2054 linguam
1381 1958 1627 2046 vernaculam,
1656 1978 1790 2058 quanta
1822 1964 1868 2035 sit

14 2093 212 2191 ingularum
240 2111 403 2168 aetatum
417 2085 621 2184 dissensio.
652 2095 837 2186 Quantum
851 2096 965 2166 nostri
981 2092 1116 2167 saeculi
1144 2119 1267 2167 sermo
1289 2121 1311 2164 a
1329 2112 1455 2167 vetere
1477 2095 1638 2168 dialecto
1658 2097 1866 2170 Gothorum

14 2231 112 2315 istat,
153 2245 324 2326 quantum
352 2257 374 2300 a
401 2227 566 2303 dialectis
608 2247 828 2326 temporum,
871 2231 999 2326 quibus
1041 2230 1105 2300 fuit
1144 2227 1300 2301 Carolus
1334 2229 1491 2324 Magnus
1537 2231 1613 2302 sive
1661 2231 1865 2305 Frideric-us

14 2367 233 2438 larbarossa?
295 2365 427 2461 Neque
459 2363 563 2438 aliter
595 2391 680 2438 sese
714 2391 774 2438 res
804 2366 930 2450 habet,
965 2366 995 2437 si
1029 2363 1182 2436 animum
1219 2365 1378 2436 attendis
1414 2366 1461 2436 ad
1497 2363 1654 2460 linguam
1689 2365 1865 2440 Latinam.

14 2501 85 2573 lum
114 2517 260 2573 exstant
286 2526 396 2573 aurea
424 2516 546 2573 aetate
574 2501 731 2596 Augusti
771 2502 885 2573 verba
920 2499 1125 2595 composita
1162 2497 1281 2594 qualia
1308 2499 1452 2571 suntin
1479 2500 1690 2595 fragmentis
1730 2503 1866 2574 Pacuvi

14 2639 109 2709 elur:
153 2637 480 2724 incurvicervicum,
509 2661 591 2709 num
618 2652 764 2708 exstant
791 2636 950 2732 genetivi
977 2637 1131 2719 formae,
1161 2631 1288 2730 quales
1315 2652 1398 2706 sunt
1425 2635 1523 2730 apud
1543 2636 1695 2707 Ennium
1715 2634 1865 2736 (Annal.

21 2771 102 2871 21):
129 2772 215 2854 vias,
244 2770 343 2866 apud
374 2773 553 2844 Plautum:
588 2769 822 2856 Alcumenas,
856 2772 892 2842 in
926 2770 1233 2865 inscriptionibus:
1267 2753 1486 2864 Prosep'nais
1520 2767 1686 2870 (Ritschl,
1721 2770 1864 2866 priscae

14 2905 107 2977 ,atin
135 2930 292 2978 monum.
320 2906 395 2978 tab,
424 2903 528 3005 Xl.)?
568 2905 713 3001 Ubique
734 2906 905 2978 minutam
924 2907 1055 3000 potius,
1077 2931 1185 3000 quam
1213 2922 1355 2977 auctam
1377 2931 1461 2978 esse
1488 2905 1631 3000 copiam
1658 2905 1833 2979 videmus.

203 3039 369 3112 Eundem
402 3041 510 3135 igitur
540 3040 576 3112 in
622 3040 771 3111 modum
801 3041 911 3113 etiam
953 3039 1112 3113 infinitivi
1146 3040 1419 3113 terminationes
1455 3055 1616 3113 mutatae
1649 3026 1741 3113 sunt.
1797 3039 1865 3114 lllis

13 3175 84 3246 nim
107 3175 344 3269 temporibus,
376 3176 411 3248 in
443 3201 538 3272 quae
568 3175 785 3270 tragoediae
807 3175 1004 3271 primordia
1035 3175 1208 3259 incidunt,
1243 3200 1349 3246 unum
1386 3175 1559 3271 quodque
1588 3191 1732 3270 tempus
1759 3201 1865 3250 unam

14 3326 129 3382 ertam
156 3310 308 3383 sormam
336 3310 404 3382 sibi
437 3326 696 3406 assumpserat,
734 3336 828 3406 quae
862 3336 983 3405 neque
1014 3311 1147 3383 variari
1183 3336 1303 3405 neque
1336 3309 1404 3381 alia
1452 3309 1666 3381 commutari
1705 3323 1862 3404 poterat.

14 3445 62 3535 lui
89 3442 188 3539 apud
215 3443 417 3516 Homerum
445 3461 548 3522 erant
573 3444 731 3518 infinitivi
764 3447 799 3517 in
830 3473 934 3539 μεναι
968 3461 1005 3517 et
1030 3475 1097 3540 pso
1130 3447 1324 3541 perierunt.
1381 3445 1488 3538 Quae
1520 3442 1658 3540 reliqua
1685 3460 1768 3516 sunt
1793 3445 1861 3517 sul-

14 3605 58 3650 xa
84 3580 134 3652 ita
161 3578 351 3680 distributa
378 3595 477 3652 sunt:

119 3795 121 3802 Α
201 3715 406 3810 praesentis
436 3714 637 3799 infinitivus,
671 3715 700 3787 si
732 3716 842 3809 stirps
872 3716 1079 3810 praesentis
1112 3716 1330 3787 consonanti
1362 3714 1420 3787 vel
1450 3744 1461 3787 ι
1489 3715 1564 3787 sive
1591 3741 1614 3784 o
1640 3711 1759 3787 littera
1789 3713 1861 3786 fini-

14 3874 56 3934 ir,
83 3875 155 3922 non
183 3847 252 3922 alia
279 3847 421 3943 syllaba
449 3849 514 3921 nisi
541 3877 594 3921 ειν
628 3851 858 3940 terminatum
890 3852 1004 3922 verba
1029 3851 1065 3922 in
1090 3880 1130 3943 μι
1163 3852 1332 3922 exeuntia
1360 3879 1417 3922 von
1444 3850 1607 3945 affigunt;
1634 3849 1748 3920 verba
1776 3875 1861 3921 con-

14 4004 109 4057 ·acta
136 3985 171 4057 in
197 3981 359 4079 syllabas
390 4000 600 4056 contractas
636 4001 696 4070 εῖν,
730 3993 784 4070 ἀν,
816 3993 881 4057 orio
915 3985 1100 4070 desinunt,
1135 4012 1284 4081 quarum
1315 3988 1507 4059 formarum
1543 4001 1730 4081 postrema
1762 3984 1861 4080 ap'ud

14 4121 190 4193 lomerum
217 4120 253 4191 in
280 4145 347 4190 usu
375 4144 460 4192 esse
488 4119 648 4191 nondum
675 4120 809 4215 coepit.

202 4256 375 4327 Futurum
399 4279 546 4350 semper
574 4281 627 4326 ειν
654 4254 756 4350 stirpi
783 4279 872 4326 suae
902 4256 1063 4350 apponit.

202 4389 370 4484 Denique
408 4375 616 4484 'perfectum
657 4388 765 4461 activi
803 4417 880 4461 εναι
920 4389 1053 4462 exitum
1093 4391 1259 4476 adhibet,
1300 4418 1373 4488 quo
1409 4390 1543 4464 eodem
1571 4389 1695 4462 aoristi
1725 4389 1861 4484 passivi

14 4540 141 4608 tuntur,
169 4525 205 4596 in
232 4524 362 4619 quibus
389 4550 467 4596 cum
497 4554 514 4596 ε
539 4522 657 4597 littera
684 4524 883 4596 thematica
911 4525 943 4596 in
971 4533 1053 4618 ῇναι
1080 4525 1311 4598 contrahitur.
1786 4611 1792 4621 Ι

201 4661 325 4754 ltaque
356 4661 386 4732 si
419 4660 586 4733 universa
616 4657 853 4754 perlustrabis
887 4661 1046 4733 varietas
1082 4663 1264 4757 quaedam
1296 4677 1377 4734 orta
1414 4677 1481 4749 est,
1510 4661 1565 4734 sin
1594 4686 1685 4734 vero
1717 4658 1859 4756 singula

14 4819 165 4891 empora
192 4795 298 4890 quasi
323 4821 432 4869 unum
458 4794 643 4892 quendam
670 4811 860 4891 aspectum
885 4797 1076 4891 praebent.
1660 4895 1663 4900 Ι

202 4929 306 5003 Hanc
333 4931 451 5026 ipsam
479 4954 587 5026 quam
613 4930 870 5027 descripsimus
896 4931 1030 5004 aetatis
1051 4932 1264 5004 recentioris
1292 4932 1467 5004 rationem
1494 4931 1529 5004 in
1553 4929 1728 5025 Aeschyli
1756 4931 1856 5003 sabu-

14 5091 30 5139 s
62 5066 272 5139 invenimus
328 5067 485 5139 Veteres
522 5091 613 5138 vero
643 5065 804 5139 infinitivi
838 5065 974 5138 formae
1011 5064 1120 5161 plane
1154 5066 1369 5162 repudiatae
1404 5085 1486 5141 sunt
1521 5067 1569 5138 ob
1601 5090 1683 5138 eam
1717 5062 1858 5138 scilicet

14 5226 151 5286 ansam,
179 5201 278 5296 quod
304 5199 516 5274 multitudini
542 5199 645 5272 nimis
673 5202 866 5273 obsoletae
892 5201 1103 5274 viderentur
1132 5193 1307 5298 'quaeque
1334 5203 1417 5276 serri
1446 5226 1520 5274 non
1545 5216 1701 5297 possent
1729 5199 1795 5272 nisi
1821 5201 1857 5272 in
